2600 4096
284 227 536 284 msrofflaaun
553 228 765 284 ALEXANDRI
782 229 843 299 VII,
861 235 886 284 4.
905 234 930 284 5,
1047 229 1110 295 163

110 371 236 436 caribus
261 373 421 438 concitato
448 373 483 438 in
506 373 615 460 ¹medio
642 373 773 438 barbari
800 376 930 458 gutture
957 374 1005 438 ita
1031 375 1112 460 fixit,

107 464 143 525 ut
164 481 225 544 per
247 460 402 526 cervicem
420 461 583 526 emineret.
620 460 855 546 Praecipitatus
875 485 913 526 ex
933 483 1015 547 equo
1038 463 1111 527 bar·

106 549 204 614 barus
233 549 336 614 adhuc
366 554 476 614 tamen
502 551 711 634 repugnabat
761 548 822 616 Sed
848 550 903 614 illa
933 554 1111 616 extractam
1129 572 1162 620 37

107 637 281 702 erulnere
307 637 436 702 hastam
462 659 573 702 rursus
600 639 633 702 in
659 660 695 703 os
723 638 854 722 dirigit·
888 637 1110 704 Satibarzanes

106 725 1110 901 lilffddssdbdbdlumibinlitiilaiblmnbllll
1129 834 1162 884 a

105 904 175 966 tate
198 922 295 986 quam
313 906 427 986 sponte
446 903 546 967 secuti
566 906 668 983 erant,
691 907 781 986 tuno,
803 902 890 968 baud
907 904 1110 969 immemores

106 990 298 1055 meritorum
316 990 506 1072 Alexandri,
529 1012 620 1055 arma
635 991 770 1076 Erigyio
792 992 933 1056 tradunt.
968 992 1037 1058 Rex
1058 993 1111 1058 his
1129 1011 1164 1060 aa

106 1078 238 1163 quidem
269 1079 388 1163 laetus,
424 1077 462 1142 da
495 1076 661 1163 Spartanis
693 1079 941 1164 haudquaquam
973 1103 1111 1166 securus,

106 1187 228 1252 magno
260 1171 370 1231 tamen
405 1167 513 1233 animo
547 1166 706 1232 defectum
738 1189 849 1233 eorum
879 1169 967 1254 tulit,
1004 1169 1110 1234 dicens

105 1277 172 1320 non
196 1257 273 1320 ante
296 1275 391 1319 ausos
416 1255 548 1320 consilia
569 1255 701 1334 nudare,
724 1278 820 1340 quam
842 1257 948 1339 ipsum
967 1257 1008 1322 ad
1030 1259 1110 1322 fines

105 1342 217 1408 Iudiae
240 1345 422 1427 pervenisse
445 1348 647 1427 cognossent.
686 1343 819 1429 Iamque
841 1344 978 1409 Bessum
1004 1367 1109 1429 perse·
1128 1365 1163 1414 ιο

108 1453 209 1516 quens
232 1431 341 1515 copias
369 1433 483 1516 movit,
512 1453 584 1496 cum
612 1433 641 1496 ei
668 1432 820 1517 Erigyius
847 1433 978 1497 barbari
1006 1438 1110 1520 caput,

108 1520 252 1603 opimum
274 1520 353 1584 belli
377 1519 486 1604 decus,
508 1520 691 1605 praeferens
714 1521 871 1586 occurrit.¹

540 1677 618 1744 Car.
640 1678 680 1744 V.

63 1783 100 1850 20
194 1783 299 1869 Igitur
312 1783 560 1850 Bactrianorum
577 1785 709 1870 regione
721 1784 885 1851 Artabazo
904 1786 1024 1850 tradita
1043 1809 1108 1851 sar·
1128 1803 1141 1850 1

6 1869 7 1872 ’
108 1873 196 1938 cinas
214 1875 249 1936 et
265 1873 485 1955 inpedimenta
502 1872 548 1937 ibi
568 1894 639 1936 cum
661 1873 823 1957 praesidio
843 1875 1004 1959 relinquit.
1035 1874 1108 1958 Ipse

108 1982 178 2025 cum
198 1961 345 2044 expedito
364 1962 493 2046 agmine
511 1962 583 2025 loca
601 1961 727 2026 deserta
746 1961 981 2046 Sogdianorum
999 1964 1109 2048 intrat,

106 2053 265 2114 nocturno
287 2049 401 2113 itinere
420 2050 594 2114 exercitum
614 2049 741 2115 ducens.
777 2051 957 2134 Aquarum‚
980 2055 1017 2116 ut
1035 2056 1143 2117 antea

107 2137 309 2220 dictumest,
331 2129 464 2221 penuria
486 2137 574 2221 prius
593 2137 813 2220 desperatione
837 2161 932 2224 quam
951 2140 1109 2206 desiderio

105 2225 237 2290 bibendi
264 2225 353 2291 sitim
380 2226 532 2291 accendit
576 2226 637 2289 Per
660 2242 746 2292 cccc
770 2228 876 2292 stadia
901 2251 942 2293 nc
965 2229 1108 2294 modicus

107 2314 236 2398 quidem
263 2314 379 2379 humor
408 2314 524 2379 existit
573 2313 719 2379 Harenas
753 2339 854 2400 vapor
885 2317 999 2382 aestivi
1031 2319 1143 2383 solisa

106 2403 264 2468 accendit:
303 2424 384 2486 quae
419 2401 476 2467 ubi
511 2402 648 2486 flagrare
683 2407 870 2488 coeperunt,
901 2405 986 2469 haud
1019 2427 1108 2471 secus

106 2513 201 2574 quam
233 2490 411 2556 continenti
442 2490 587 2556 incendio
620 2495 734 2556 cuncta
764 2495 937 2557 torrentur.
993 2491 1144 2579 Caligoc

105 2578 220 2644 deinde
246 2579 405 2643 inmodico
436 2581 542 2643 terrae
573 2579 698 2644 fervore
726 2581 864 2645 excitata
890 2581 994 2646 lucem
1025 2581 1109 2664 tegit

105 2688 353 2751 camporumque
371 2668 515 2731 nonalia
533 2689 628 2752 quam
643 2669 727 2732 vasti
744 2672 776 2732 et
793 2667 944 2751 profundi
958 2670 1107 2752 aequoris

105 2757 227 2840 species
247 2759 305 2819 est.
333 2753 538 2821 Nocturnum
556 2756 619 2820 iter
636 2756 806 2821 tolerabile
829 2756 1011 2841 videbatur,
1032 2758 1107 2842 quia
1126 2772 1142 2821 5

6 2867 7 2914 i
103 2865 175 2909 rore
198 2846 234 2909 et
250 2843 410 2908 matutino
429 2843 550 2927 frigore
568 2865 705 2930 corpora
725 2845 920 2911 levabantur.
958 2843 1108 2911 Ceterum

104 2953 176 2997 cum
198 2932 272 3015 ipsa
294 2932 365 2997 luca
388 2935 496 2996 aestus
519 2932 621 2997 oritur
638 2954 828 3019 omnemque
848 2934 1030 3000 naturalem
1053 2935 1107 3000 ab·

104 3020 214 3086 sorbet
236 3018 404 3085 humorem
422 3021 563 3086 siccitas:
587 3042 643 3085 ora
660 3021 845 3107 visceraque
867 3023 996 3107 penitus
1014 3045 1108 3088 urun-

103 3111 164 3173 tur.
209 3108 324 3193 Itaquc
356 3109 496 3191 primum
524 3109 638 3191 animi,
670 3108 785 3175 deinde
812 3133 947 3195 corpora
974 3111 1142 3176 deficeret

104 3201 285 3282 coeperunt.
329 3195 468 3281 Pigebat
495 3200 527 3262 et
550 3198 724 3262 consistere
747 3201 781 3262 et
804 3200 963 3284 progredi.
1008 3200 1107 3265 Pauci

104 3285 248 3370 aperitis
262 3285 403 3369 regionis
418 3285 573 3351 admoniti
587 3291 858 3370 praeparaverant
871 3309 996 3372 aquam.
1015 3287 1105 3354 Haeo
1125 3303 1140 3352 u

102 3375 269 3458 paulisper
286 3375 443 3458 repressit
460 3374 561 3438 sitim:
581 3374 694 3440 deinde
708 3379 867 3444 crescente
887 3381 978 3442 aestu
994 3399 1106 3442 rursus

104 3461 297 3528 desiderium
313 3463 459 3527 humoris
478 3483 646 3528 accensum
661 3467 718 3532 est.
746 3463 849 3550 Ergo,
868 3464 1023 3550 quidquid
1039 3465 1107 3530 uini

103 3551 229 3636 oleique
266 3554 348 3635 erat,
391 3551 500 3617 oribus
537 3552 745 3635 ingerebatur
781 3556 936 3637 tantaque
972 3552 1105 3618 dulcedo

102 3637 232 3705 bibendi
267 3639 344 3722 fuit,
379 3643 417 3704 ut
451 3639 485 3705 in
520 3646 686 3725 posterum
718 3640 790 3706 sitis
826 3662 891 3706 non
927 3639 1104 3706 timeretur.

882 3743 946 3798 11*
