2552 4108
386 201 391 212 ⁶
448 241 677 297 sunnnamn.
991 239 1065 294 xxv

63 384 216 438 contossum
228 383 389 438 vulneribus
403 383 538 452 relinquit
551 383 674 453 fugaque
685 382 740 437 sibi
750 380 883 438 consulit.
912 381 1064 449 Repertum

62 453 142 508 Darei
158 471 256 524 corpus
269 454 429 510 Alexander
445 453 570 509 lacrimis
584 453 764 523 prosequitur
778 456 808 508 st
828 453 865 508 ad
879 450 1062 518 Sisigambim

63 524 249 594 sepeliendum
266 525 365 580 mittit

467 692 588 752 LIBER
610 692 661 753 VL

127 807 147 862 Ι.
165 805 269 862 Proelii
288 806 361 862 inter
374 805 610 862 Lacedaemonios
625 810 710 875 atque
723 807 891 862 Macedones
906 806 954 873 (ad
967 806 1062 876 Mega·

61 877 175 946 lopolin)
195 878 334 932 commissi
355 877 515 948 descriptio.
544 877 644 947 Agidis
662 893 746 932 mors.
773 878 830 932 Pax
849 879 885 932 ab
903 877 1063 932 Alexandro

61 947 140 1002 victis
157 948 385 1004 Lacedaemoniis
408 951 577 1004 conceditur.
616 949 649 1003 H.
667 949 826 1004 Alexander
848 948 924 1003 bello
943 947 1065 1002 invictus

63 1017 117 1072 otio
135 1020 164 1074 et
181 1019 292 1074 deliciis
310 1019 462 1088 frangitur:
485 1020 560 1075 unde
578 1036 672 1073 rumor
690 1037 740 1089 per
758 1022 862 1086 castra,
886 1018 936 1087 qui
953 1022 1067 1088 torpen-

62 1092 115 1142 tem
136 1089 249 1144 excitat.
290 1090 336 1144 IH.
359 1090 512 1144 Alexandri
535 1090 572 1143 ad
595 1089 700 1144 milites
724 1090 826 1158 oratio,
852 1093 885 1144 ut
907 1090 1013 1144 bellum
1036 1089 1067 1144 in

62 1159 126 1213 Asia
142 1161 305 1216 incohatum
323 1163 526 1230 persequantur
544 1162 573 1215 et
591 1161 747 1214 absolvant.
779 1161 826 1216 IV.
845 1159 981 1228 Ziobetis,
1000 1159 1066 1215 miri

63 1230 190 1298 fluminis,
216 1230 376 1300 descriptio.
416 1231 576 1286 Alexander
593 1231 753 1285 Nabarzani
774 1248 826 1301 per
847 1232 959 1286 litteras
982 1231 1066 1285 fidem

63 1301 117 1354 eius
134 1302 289 1372 inploranti
302 1302 415 1357 veniam
428 1302 585 1371 pollicetur.
612 1301 721 1356 Deinde
735 1302 872 1370 quosdam
885 1302 971 1356 Darei
985 1319 1065 1371 prae·

63 1371 146 1426 lectos
168 1371 272 1442 recipit
293 1372 324 1426 in
346 1372 476 1442 gratiam.
512 1373 546 1428 V.
569 1372 709 1427 Artabazo
733 1390 842 1427 summa
865 1390 929 1427 cum
950 1373 1063 1427 benivo-

63 1441 145 1496 lentia
154 1445 271 1514 excepto
280 1442 401 1511 Graecis,
416 1443 465 1511 qui
473 1442 595 1498 Dareum
605 1444 777 1510 adiuverunt,
792 1443 884 1513 parcit
892 1443 1066 1497 Alexander:

63 1512 217 1568 Mardorum
239 1517 324 1584 gente
346 1514 489 1569 debellata
506 1515 678 1568 Amazonum
699 1515 814 1584 reginae
838 1513 963 1583 cupidini
983 1514 1062 1567 satis·

63 1583 134 1639 facit.
169 1586 217 1639 VI.
235 1585 402 1640 Macedones
419 1585 573 1639 Alexandri
591 1584 768 1640 offenduntur
784 1585 921 1639 moribus:
946 1600 1061 1652 quorum

63 1657 92 1706 ut
107 1655 274 1710 seditionem
292 1658 443 1722 averteret,
463 1657 499 1710 ad
517 1656 623 1710 bellum
641 1657 727 1710 Besso
745 1655 922 1710 inferendum
939 1658 1064 1708 mentem

63 1727 208 1782 convertit:
228 1725 451 1793 Satibarzanem,
470 1727 545 1794 quod
564 1726 724 1795 defecisset,
743 1726 863 1796 primum
878 1724 1063 1795 persequitur,

63 1795 191 1851 barbaros
220 1813 237 1849 a
264 1796 406 1852 montibus
429 1796 541 1850 fortiter
563 1796 702 1866 dispellit,
730 1798 889 1850 Artacoana
912 1797 1062 1866 expugnat.

63 1865 116 1921 Vll.
129 1867 358 1922 coniurationem
375 1867 406 1921 in
419 1867 608 1920 Alexandrum
626 1867 731 1920 factm
743 1866 868 1936 Dymnus
882 1866 1062 1934 Nicomacho,

64 1935 105 1990 hic
129 1955 178 2007 per
207 1937 373 1992 Cebalinum
399 1937 514 1990 fratrem
540 1936 699 1991 Alexandro
728 1937 844 2006 detegit.
890 1937 962 1991 Hinc
989 1954 1064 1991 mors

64 2005 171 2076 Dymni,
200 2009 250 2076 qni
273 2009 333 2077 ipse
362 2007 417 2061 sibi
443 2024 543 2061 manns
569 2007 663 2062 infert.
708 2009 780 2064 VIII.
813 2009 971 2062 Convocato
996 2007 1066 2062 ami-

64 2094 151 2132 corum
170 2079 289 2134 consilio
308 2077 448 2145 Philotas,
467 2077 660 2132 Parmenionis
678 2079 765 2145 filius,
785 2078 986 2134 coniurationis
1002 2096 1065 2134 auc·

64 2150 105 2200 tor
121 2151 149 2204 et
165 2149 307 2220 particeps
321 2149 408 2202 fuisse
427 2149 550 2203 creditus
564 2149 799 2218 conprehenditur
813 2167 845 2204 ac
863 2151 957 2204 velato
972 2150 1065 2220 capite

64 2217 90 2270 in
107 2221 212 2289 regiam
226 2219 388 2284 abducitur.
420 2219 466 2274 IX.
479 2219 521 2274 De
536 2220 728 2276 coniuratione
742 2220 894 2275 Alexandri
908 2221 945 2274 ad
958 2221 1066 2275 milites
1169 2265 1173 2273 .

64 2290 159 2358 oratio,
177 2293 209 2345 in
227 2307 345 2358 quorum
363 2289 522 2345 contionem
539 2291 702 2360 producitur
714 2292 850 2346 Philotas.
882 2290 915 2345 X.
935 2291 1064 2345 Philotas

64 2360 159 2429 oratio,
187 2379 244 2430 qua
269 2360 470 2415 coniurationis
498 2362 705 2416 accusationem
731 2362 844 2417 refellit.
888 2361 933 2416 XI.
965 2361 1064 2416 Contio

65 2431 202 2488 aBolone
226 2432 347 2501 quodam
372 2449 491 2486 accensa
514 2432 656 2487 Philotam
678 2434 801 2488 damnat.
842 2433 869 2486 Is
888 2433 972 2501 paulo
989 2435 1063 2502 post,

64 2503 92 2554 ut
117 2520 145 2556 se
172 2502 343 2558 cruciatibus
369 2501 515 2570 liberaret,
548 2503 770 2574 coniurationem
797 2503 856 2558 sive
884 2503 979 2556 fictam
1006 2502 1064 2557 sive

64 2587 152 2626 veram
179 2575 327 2628 confitetur
353 2575 383 2628 et
410 2590 427 2627 a
453 2573 653 2628 Macedonibus
682 2592 744 2628 cum
771 2573 835 2628 aliis
862 2589 940 2628 more
971 2572 1065 2642 patrio

65 2643 133 2697 saxis
152 2644 288 2699 obruitur.

458 2811 579 2871 LIBER
601 2810 670 2873 VIL

127 2925 148 2981 l.
171 2926 231 2980 Rex
247 2927 436 2981 Alexandrum
453 2926 630 2994 Lyncestem,
652 2923 811 2978 maiestatis
829 2941 920 2992 reum,
944 2923 1065 2979 interfici

65 2991 149 3049 iubet:
173 2997 274 3051 deinde
292 2997 323 3050 in
340 2997 491 3065 Amyntam
509 2999 538 3050 et
556 2995 712 3061 Simmiam,
737 2995 866 3049 Philotae
885 2994 1004 3061 amicos,
1023 2995 1065 3049 in·

65 3064 152 3132 quirit,
161 3067 209 3135 qui
217 3067 407 3122 innocentiam
417 3083 496 3120 suam
504 3067 583 3136 gravi
593 3067 719 3120 oratione
728 3067 889 3120 defendunt.
905 3067 1065 3134 H.Amynta

66 3137 91 3211 et
107 3136 237 3192 fratribus
256 3137 287 3192 in
304 3139 426 3206 gratiam
440 3137 559 3206 receptis
573 3137 739 3205 Polydamas
754 3137 829 3206 regis
845 3137 922 3190 iussu
937 3136 1067 3190 celeriter

65 3211 91 3256 ni
108 3205 228 3262 Mediam
250 3209 391 3280 profectus
410 3207 621 3262 Parmenionem
643 3207 788 3262 interficit:
811 3209 885 3261 unde
903 3207 1063 3276 indignatio

66 3279 91 3326 et
111 3278 210 3333 seditio
233 3279 356 3333 militum
378 3278 570 3333 Parmenionis
593 3277 694 3344 oritur,
718 3295 789 3346 quae
808 3281 903 3332 tamen
921 3277 999 3332 brevi
1018 3295 1063 3332 ex·
1103 3294 1106 3302 ·

66 3344 203 3416 tinguitur.
246 3350 292 3404 Ill.
315 3349 416 3403 Varios
443 3349 565 3418 populos
588 3349 746 3404 Alexander
772 3350 869 3403 domat
897 3349 926 3402 et
953 3350 1063 3417 septen·

66 3415 150 3472 decim
169 3420 267 3474 diebus
286 3437 349 3475 cum
372 3421 495 3474 exercitu
514 3420 669 3474 Caucasum
687 3425 808 3489 superat.
842 3419 887 3474 IV.
905 3419 1008 3472 Bessus
1027 3419 1062 3474 de

66 3483 134 3542 bello
165 3491 296 3545 adversim
322 3491 512 3544 Alexandrum
537 3491 659 3560 gerendo
687 3490 761 3544 inter
788 3491 884 3559 epulas
913 3489 1061 3556 consultat,

67 3557 179 3625 sapienti
196 3564 290 3616 tamen
304 3560 419 3616 Oebaris
438 3561 555 3616 consilio
575 3579 630 3616 non
649 3563 736 3630 paret.
769 3560 884 3614 interim
898 3577 947 3614 rex
960 3561 1064 3613 Bactra

67 3631 204 3746 {emenia
219 3632 268 3686 ubi
291 3633 326 3714 de
350 3631 517 3713 Graecorum
539 3632 696 3714 defectione
720 3634 753 3712 et
772 3631 807 3685 de
826 3630 1007 3684 Satibarzane
1027 3630 1063 3683 ab

87 3714 172 3768 ngyro
182 3704 317 3773 smgularr
327 3707 479 3757 certamine
494 3721 585 3758 occrso
598 3706 713 3756 nuntius
728 3719 756 3754 e1
770 3701 903 3754 adfertur.
931 3700 965 3753 V.
979 3699 1063 3753 Exer-
1082 3704 1134 3756 329
