2600 4096
219 158 284 223 206
592 157 624 223 Q.
643 159 753 214 OURTI
770 158 856 215 num

220 305 373 388 excitare,
395 324 437 368 ne
459 303 596 369 inrisam
616 301 698 368 mihi
720 302 951 368 liberalitatem
970 323 1075 368 meum
1098 303 1216 386 faciam,

219 393 248 458 si
270 391 385 478 pudori
406 395 513 456 vestro
537 411 667 475 gravem
692 390 805 456 fecero.
836 390 953 457 Totum
977 392 1149 457 exercitum
1170 391 1216 455 ad·
1281 414 1284 445 ι

220 482 346 567 spicite:
378 481 435 564 qui
461 479 559 563 paulo
587 483 663 543 ante
688 479 772 543 nihil
797 485 928 564 praeter
955 502 1047 546 arma
1073 479 1215 561 habebat,

218 586 303 635 nunc
339 568 499 654 argenteis
532 567 630 632 cubat
664 568 769 633 lectis:
808 589 936 634 mensas
970 591 1048 634 auro
1081 572 1217 650 onerant,

220 678 383 723 servorum
407 676 521 740 greges
545 655 678 738 ducunt,
705 655 810 739 spolia
833 656 872 720 de
893 657 1043 722 hostibus
1066 656 1216 721 sustinere
1284 677 1285 734 3

168 758 201 806 ιο
219 768 285 811 non
301 748 447 829 possunt
479 745 526 808 At
544 744 630 808 enim
648 743 774 826 Persae,
793 766 874 828 quos
891 745 1037 827 vicimus,
1054 745 1092 809 in
1109 764 1217 829 magno
1284 735 1286 820 ζ

218 835 342 899 honore
365 836 440 896 sunt
466 831 552 915 apud
577 832 644 896 mel
688 832 847 917 Equidem
875 833 1110 898 moderationis
1136 853 1218 897 meae
1285 889 1286 914 ,

220 920 435 987 certissimum
471 920 624 984 indicium
661 923 723 1002 est,
764 920 849 1005 quod
885 942 926 985 ne
962 921 1058 987 victis
1099 920 1218 1005 quiden

220 1009 357 1093 superbe
372 1008 506 1091 impero.
541 1007 624 1072 Veni
643 1009 729 1072 enim
746 1008 781 1072 in
795 1009 922 1093 Asiam,
943 1031 1010 1075 non
1027 1013 1065 1074 ut
1083 1009 1219 1074 funditus

220 1101 397 1163 everterem
419 1099 532 1181 gentes
555 1117 615 1161 nec
635 1100 673 1160 ut
699 1097 831 1162 dimidia
852 1101 945 1181 parte
967 1101 1130 1163 terrarum
1152 1097 1219 1162 soli·
1285 1141 1286 1144 ,

219 1186 363 1251 tudinem
385 1185 536 1264 facerem,
560 1184 616 1249 sed
634 1189 672 1249 ut
693 1185 783 1270 illos,
805 1207 886 1270 quos
908 1184 996 1250 bello
1015 1185 1218 1271 subegissem,

169 1288 200 1337 11
220 1274 377 1340 victoriae
394 1295 486 1338 meae
506 1294 573 1338 non
594 1273 783 1356 paeniteret.
819 1272 933 1358 Itaque
956 1274 1103 1338 militant
1119 1273 1219 1339 vobis-

221 1385 308 1447 cum,
343 1383 402 1446 pro
437 1361 574 1444 imperio
605 1365 712 1426 vestro
749 1362 938 1446 sanguinem
975 1361 1133 1446 fundunt,
1173 1361 1220 1446 qui

220 1451 356 1536 superbe
369 1450 475 1515 habiti
488 1449 707 1514 rebellassent.
737 1447 814 1514 Non
827 1454 876 1514 est
889 1451 1041 1516 diuturna
1054 1450 1221 1535 possessio,

220 1541 254 1606 in
283 1561 379 1624 quam
405 1537 514 1622 gladio
540 1537 736 1602 inducimur:
764 1538 991 1604 beneficiorum
1014 1540 1125 1624 gratia
1148 1559 1221 1603 sem·

170 1644 201 1692 12
220 1630 349 1712 piterna
370 1630 430 1691 est.
472 1623 507 1691 si
529 1624 647 1690 habere
670 1625 797 1708 Asiam,
819 1648 884 1691 non
906 1627 1046 1691 transire
1068 1627 1221 1707 volumus,

220 1739 292 1783 eum
317 1715 370 1780 his
394 1714 657 1779 communicanda
680 1717 731 1779 est
756 1718 869 1780 nostra
896 1716 1082 1780 elementia:
1113 1715 1221 1780 horum

218 1806 299 1871 fides
327 1804 443 1870 stabile
470 1807 503 1867 et
528 1807 694 1867 aeternum
720 1803 818 1868 faciet
846 1803 1025 1886 imperium.
1075 1803 1123 1868 Et
1153 1823 1222 1868 sane

219 1894 293 1977 plus
312 1893 481 1975 habemus,
504 1913 600 1975 quam
619 1891 771 1974 capimus.
807 1891 1005 1956 Insatiabilis
1024 1896 1136 1957 autem
1155 1913 1220 1956 ava·

219 1983 296 2046 ritia
324 1984 372 2046 est
403 1980 507 2044 adhuc
537 1980 661 2063 inplere
688 1979 785 2064 velle,
818 1979 903 2064 quod
934 1979 1000 2044 iarn
1027 1979 1221 2045 circumfluit

220 2069 451 2134 Verumtamen
479 2089 587 2134 eorum
613 2087 711 2133 mores
737 2068 772 2131 in
797 2066 990 2134 Macedonas
1021 2068 1221 2134 transfundo!

169 2169 201 2217 re
220 2157 259 2221 In
285 2156 397 2219 multis
419 2156 505 2220 enim
528 2156 679 2242 gentibus
702 2177 771 2221 esse
794 2156 900 2240 video,
923 2176 1005 2240 quae
1026 2176 1094 2223 non
1118 2157 1221 2222 erube·
1284 2219 1285 2232 ,

222 2265 348 2309 scamus
370 2243 506 2307 imitari:
530 2265 589 2309 nec
607 2244 702 2308 aliter
724 2247 853 2309 tantum
871 2245 1043 2327 imperinm
1062 2249 1141 2329 apte
1159 2243 1222 2328 regi

221 2335 342 2417 potest,
374 2353 471 2416 quam
501 2334 539 2396 nt
570 2333 725 2414 quaedam
757 2336 790 2396 et
823 2333 987 2398 tradamur
1019 2332 1088 2398 illis
1121 2337 1156 2398 et
1186 2332 1221 2397 ab

81 2483 84 2492 ,
169 2433 203 2482 14
220 2422 322 2486 isdem
344 2420 515 2486 discamus.
557 2419 643 2485 Illud
665 2441 766 2504 paene
789 2420 922 2506 dignum
943 2422 1012 2487 risu
1033 2421 1111 2506 fuit,
1144 2414 1260 2507 quodid

220 2510 412 2576 Hermolaus
429 2509 618 2592 postulabat
635 2530 656 2574 a
675 2531 739 2588 me,
758 2513 795 2573 ut
813 2531 977 2575 aversarer
993 2508 1119 2594 Iovem,
1139 2510 1221 2576 euius

170 2610 201 2658 15
221 2600 350 2665 oraculo
378 2599 565 2683 adgnoscor.
617 2596 667 2662 An
694 2597 806 2682 etiam,
840 2597 916 2681 quid
944 2598 977 2663 di
1004 2598 1224 2681 respondeant,

221 2689 256 2751 in
278 2709 350 2752 mea
371 2689 533 2770 potestate
555 2685 627 2750 est?
663 2683 790 2750 Obtulit
809 2707 926 2751 nomen
949 2685 1009 2750 filii
1032 2686 1127 2752 mihi:
1149 2685 1223 2751 reci·

221 2774 835 2947 ttilall'lidbqudqutuaieutdttl
861 2773 1224 2927 iiulriiiitlmrlii

222 2950 308 3014 enim
330 2950 417 3014 bella
435 2956 586 3017 constant
605 2953 637 3015 et
660 2971 756 3033 saepe
780 2951 892 3032 etiam,
916 2951 1000 3035 quod
1023 2951 1107 3016 falso
1128 2949 1224 3015 eredi-

172 3051 203 3098 16
222 3043 292 3103 tum
324 3041 386 3122 est,
417 3038 485 3103 reri
516 3040 618 3104 vicem
645 3037 796 3103 obtinuit
844 3039 898 3102 An
930 3059 981 3103 me
1008 3039 1154 3104 luxuriae
1180 3038 1224 3102 in·

222 3127 407 3211 dulgentem
429 3128 552 3208 putatis
575 3148 666 3191 arma
685 3130 793 3190 vestra
816 3148 895 3191 auro
914 3130 1113 3212 argentoque
1135 3126 1224 3192 ador·
1282 3197 1283 3206 χ

222 3215 338 3280 nasse?
379 3213 531 3279 Adsuetis
553 3215 635 3280 nihil
657 3214 754 3280 vilius
776 3214 838 3279 hae
859 3214 966 3280 videre
985 3215 1121 3281 materia
1138 3213 1224 3280 volui

222 3303 403 3388 ostendere,
425 3300 618 3368 Macedonas
636 3303 773 3368 invictos
794 3304 910 3368 ceteris
932 3326 973 3369 ne
996 3325 1075 3370 auro
1098 3304 1223 3388 quidem

171 3403 202 3451 17
222 3390 315 3455 vinci.
361 3389 478 3456 Oculos
502 3411 578 3475 ergo
605 3391 746 3475 primum
768 3412 879 3456 eorum
906 3391 1034 3456 sordida
1061 3393 1171 3457 omnia
1193 3393 1224 3455 et

221 3479 359 3544 humilia
376 3479 614 3562 expectantium
636 3480 760 3563 capiam
779 3482 812 3543 et
834 3479 967 3565 docebo,
988 3501 1048 3546 nos
1070 3501 1137 3545 non
1156 3477 1224 3544 auri

223 3571 281 3632 aut
306 3569 433 3651 argenti
460 3567 606 3651 cupidos,
633 3567 689 3630 sed
712 3567 823 3632 orbem
850 3572 1009 3634 terrarum
1036 3570 1223 3634 subacturos
