2600 4096
203 145 266 210 196
569 145 601 211 Q.
620 143 730 200 cuum
746 143 833 200 Rurl

201 289 363 375 proditum
385 293 449 373 est,
473 289 629 376 quosdam
651 289 829 374 adplicatos
853 288 1006 355 arborum
1028 287 1144 353 truncis
1165 293 1197 353 et

201 379 393 444 nouaclum
419 377 616 461 viventibus,
645 377 821 442 sedetiam
848 378 932 442 inter
958 399 993 444 se
1016 377 1197 462 conloquen·

201 466 289 531 tibus
308 466 429 532 similes
448 487 517 530 esse
535 470 724 548 conspectos
747 466 881 530 durante
899 465 1004 530 adhuc
1022 464 1145 550 habitu,
1165 465 1197 530 in
1281 539 1283 544 .

17 629 18 632 Ἴ
150 564 183 614 15
201 576 265 639 quo
288 575 374 619 mors
397 575 554 637 quemque
575 553 836 637 deprehenderet
866 553 964 619 Forte
982 552 1115 620 Macedo
1133 573 1196 638 gre·

201 643 311 727 garine
330 642 423 706 miles
438 661 527 725 capre
548 662 643 725 seque
662 645 696 707 ct
714 664 804 708 arma
821 645 1022 725 sustentans,
1044 645 1151 706 tamen
1166 643 1198 705 in
1280 710 1281 726 1

201 735 309 797 castra
330 732 529 814 pervenerat:
555 751 618 814 quo
641 730 712 795 viso
735 751 804 813 rex,
827 752 1023 815 quamquam
1045 730 1114 813 ipse
1134 732 1199 793 tum
1280 737 1281 786 f

201 819 340 884 maxime
372 818 501 884 admoto
532 818 608 902 igne
639 818 806 883 refovebat
834 822 938 901 artus,
969 840 1009 884 ex
1038 818 1119 883 sella
1145 839 1200 882 sua

202 906 335 971 exsiluit
351 909 597 990 torpentemque
615 906 752 970 militem
771 909 805 970 et
817 906 871 971 rix
888 909 1070 990 compotem
1087 906 1200 970 mentis

150 994 339 1078 redemptis
367 995 466 1059 armis
492 995 527 1058 in
554 1016 612 1060 sua
634 994 708 1074 seda
735 994 831 1060 iussit
852 995 1026 1061 considere.
1068 994 1129 1058 Ille
1150 993 1200 1058 diu

202 1104 272 1165 uec,
308 1082 365 1147 ubi
400 1083 628 1167 requiesceret,
663 1103 736 1167 nec,
772 1104 792 1147 a
827 1103 890 1167 quo
927 1087 1011 1148 esset
1046 1085 1201 1166 exceptus,

150 1183 182 1230 17
203 1170 365 1254 adgnovit
413 1169 555 1236 Tandem
586 1174 714 1254 recepto
741 1172 846 1236 calore
876 1171 983 1255 vitali,
1014 1175 1052 1237 ut
1082 1171 1201 1255 regiam

202 1259 309 1324 sedem
331 1279 502 1343 regemque
524 1259 619 1341 vidit,
640 1259 772 1323 territus
795 1259 908 1343 surgit
953 1257 1054 1336 Quem
1078 1259 1201 1324 intuens

182 1346 394 1431 -Alexander,
422 1346 557 1431 ‘Ecquid
584 1347 761 1430 intellegis,
788 1345 903 1432 miles',
924 1348 1044 1432 inquit,
1072 1346 1201 1433 ‘quanto

201 1435 334 1501 meliore
366 1439 452 1500 sorte
484 1457 581 1520 quam
612 1435 728 1500 Persae
755 1435 813 1500 sub
845 1456 922 1521 rege
953 1435 1094 1500 vivatis?
1134 1434 1202 1500 Illis

200 1524 287 1589 enim
309 1525 344 1589 in
362 1524 442 1588 sella
458 1523 544 1607 regis
562 1523 742 1588 consedisse
763 1524 882 1608 capital
903 1523 1000 1609 foret,
1022 1524 1086 1588 tibi
1109 1524 1202 1591 saluti

150 1623 182 1674 18
199 1610 283 1680 fuit'
326 1612 460 1677 Postero
484 1612 535 1676 die
558 1613 742 1676 convocatis
765 1612 877 1676 amicis
899 1612 1128 1698 copiarumque
1150 1612 1201 1676 du·

201 1702 291 1766 cibus
322 1700 526 1785 pronuntiari
552 1699 660 1782 iussit,
688 1700 794 1783 ipsum
822 1700 943 1784 omnia,
975 1722 1057 1784 quae
1086 1700 1202 1767 amissa

150 1801 181 1849 19
202 1792 322 1871 essent,
344 1789 551 1852 redditurum.
590 1787 636 1852 Et
658 1789 816 1871 promisso
838 1789 917 1853 fides
941 1788 1075 1854 exstitit
1119 1788 1201 1854 Nam

201 1875 400 1942 Sisimithres
435 1877 539 1942 multa
574 1875 717 1941 iumenta
753 1879 787 1940 et
822 1877 1017 1942 camelorum
1048 1894 1076 1942 11
1114 1877 1202 1942 milia

201 1965 333 2030 adduxit
354 1986 533 2049 pecoraque
551 1967 584 2029 et
602 1968 759 2028 armenta:
782 1986 864 2048 quae
887 1964 1062 2030 distributa
1085 1966 1201 2049 pariter

148 2064 183 2112 20
201 2053 339 2116 militem
357 2056 391 2116 et
409 2052 525 2118 damno
544 2057 576 2118 ct
593 2052 678 2116 fame
695 2053 925 2118 liberaverunt
959 2052 1042 2138 Rex,
1065 2052 1200 2137 gretiam

201 2140 263 2204 sibi
284 2140 421 2204 relatam
445 2138 664 2206 aSisimithre
685 2141 865 2224 praefatus,
888 2163 943 2206 sex
966 2140 1090 2206 dierum
1113 2144 1201 2206 cocta

200 2227 323 2294 cibaria
357 2228 442 2292 ferre
477 2229 597 2294 milites
632 2229 739 2313 iussit,
775 2227 873 2294 Sacas
909 2233 1032 2313 petens.
1086 2228 1201 2295 Totam

200 2316 284 2382 hanc
314 2316 481 2400 regionem
511 2317 725 2401 depopulatus
756 2335 831 2382 xxx
861 2317 954 2382 milia
984 2337 1135 2402 pecorum
1165 2339 1201 2382 ex

200 2405 322 2490 praeda
345 2402 521 2469 Sisimithri
544 2405 627 2470 dono
650 2405 715 2469 dat.

147 2506 180 2556 21
287 2494 365 2559 Inde
383 2493 530 2578 pervenit
547 2493 582 2557 iu
599 2494 778 2578 regionem,
797 2494 848 2558 cui
865 2492 1038 2578 Oxyartes,
1056 2496 1199 2578 satrapes
1210 2490 1244 2555 16

83 2589 87 2606 ’
199 2583 333 2668 nobilis,
355 2586 514 2667 praeerat,
542 2581 597 2666 qui
619 2603 654 2646 se
676 2581 761 2666 regis
788 2583 945 2665 potestati
971 2582 1108 2667 fideique
1136 2604 1201 2666 per·

199 2672 296 2736 misit
331 2671 391 2736 Ille
409 2671 545 2756 imperio
564 2669 594 2734 ei
617 2668 740 2734 reddito
763 2668 849 2734 haud
872 2669 1026 2755 amplius,
1049 2692 1147 2754 quam
1167 2673 1202 2736 ut

147 2771 181 2820 aa
201 2759 262 2822 duo
282 2760 442 2825 extribus
465 2759 540 2823 filiis
560 2780 668 2824 secum
686 2758 876 2842 militarent,
898 2758 1015 2844 exegit
1052 2756 1202 2842 Satrapes

201 2846 300 2910 etiam
332 2867 417 2925 eum,
453 2848 507 2932 qui
538 2868 637 2932 penes
668 2846 774 2930 ipsum
806 2845 1060 2930 relinquebatur,
1096 2847 1204 2912 tradit

200 2933 346 2998 Barbara
374 2935 539 3017 opulentia
566 2935 762 3019 convivium,
790 2956 852 3018 quo
880 2955 990 3019 regem
1018 2934 1204 3018 accipiebat,

151 3034 181 3082 re
200 3021 404 3086 instruxerat.
446 3022 484 3086 Id
511 3045 583 3088 cum
605 3024 709 3087 multa
731 3024 882 3088 comitate
905 3021 1134 3108 celebraretur,
1157 3024 1203 3088 in·

200 3108 325 3174 troduci
347 3127 421 3174 xxx
443 3110 567 3176 nobiles
595 3112 737 3195 virgines
764 3111 867 3176 iussit
911 3110 999 3176 Inter
1027 3133 1108 3195 quas
1136 3116 1204 3178 erat

201 3197 269 3260 filia
290 3195 408 3280 ipsius,
425 3195 557 3263 Roxane
578 3200 722 3283 nomine,
744 3199 861 3264 eximia
882 3198 1026 3282 corporis
1049 3200 1156 3283 specie
1174 3205 1205 3265 et

148 3295 183 3349 24
201 3284 313 3348 decore
326 3283 458 3350 habitus
476 3285 511 3350 in
527 3287 771 3353 barbarismo.
806 3285 893 3362 Quae
908 3308 1103 3372 quamquam
1119 3288 1203 3353 inter

201 3371 319 3437 electas
350 3378 564 3458 precesserat,
596 3376 740 3440 omnium
770 3380 880 3440 temen
909 3376 1019 3441 oculos
1046 3377 1203 3441 convertit

201 3460 235 3525 iu
258 3481 306 3545 se,
329 3462 467 3528 mammo
489 3463 576 3546 regis
595 3464 702 3528 minus
724 3464 790 3528 iam
809 3463 1124 3548 cupiditatibus'suis
1148 3466 1203 3530 im·

200 3549 344 3631 percutis
369 3550 459 3616 inter
490 3550 645 3634 obsequia
674 3552 835 3638 fortunae,
866 3555 979 3618 contra
1010 3573 1108 3641 quam
1139 3575 1203 3618 nen
