2582 4098
200 163 240 227 76
569 162 600 226 Q.
620 160 729 216 GURTI
746 160 832 215 RUFI

198 307 326 372 vitaret:
363 305 418 372 sed
450 305 593 371 eminens
624 325 717 368 curru
743 304 887 368 nondum
914 325 1043 369 omnem
1069 326 1210 370 suorum

199 395 299 459 aciem
321 394 443 478 proelio
464 392 666 457 excedentem
684 392 855 457 destituere
873 393 1089 477 erubescebat,
1111 395 1210 458 dum·

198 505 259 566 que
294 483 380 546 inter
415 501 505 564 spem
539 485 572 545 et
607 481 858 564 desperationem
893 481 1045 565 haesitat,
1082 484 1210 546 sensim

147 593 179 640 31
198 570 313 636 Persae
336 570 492 634 cedebant
513 572 546 633 et
563 570 749 634 laxaverant
766 568 902 634 ordines.
932 567 1115 634 Aiexander
1133 593 1210 635 mu-

198 663 267 724 tato
290 679 385 742 equo,
407 658 524 742 quippe
545 658 652 741 plures
674 657 880 742 fatigaverat,
905 657 1125 722 resistentium
1151 660 1210 723 ad-

146 768 179 816 ae
198 768 290 811 versa
326 767 382 810 ora
416 745 571 829 fodiebat,
605 746 795 831 fugientium
826 748 926 830 terga.
970 744 1104 830 Iamque
1136 769 1211 812 non

198 855 321 918 pugna,
353 834 408 897 sed
435 834 545 898 caedes
572 838 653 918 erat,
684 855 756 899 cum
778 831 902 897 Dareus
925 855 1051 918 quoque
1073 855 1211 899 currum

200 943 292 985 suum
314 921 349 985 in
371 921 482 1006 fugam
504 923 608 988 vertit.
652 920 814 986 Haerebat
834 921 866 984 in
887 922 988 1006 tergis
1008 921 1211 1007 fugientium

199 1010 314 1092 victor,
337 1008 393 1073 sed
414 1013 618 1094 prospectum
641 1010 803 1075 oculorum
825 1009 926 1073 nubes
948 1009 1098 1095 pulveris,
1121 1033 1211 1095 quae

200 1097 240 1161 ad
272 1098 394 1162 caelum
426 1098 627 1182 efferebatur,
657 1098 849 1163 abstulerat:
886 1118 962 1181 ergo
993 1097 1080 1163 haud
1113 1121 1212 1164 secus

200 1206 297 1269 quam
319 1185 353 1250 in
374 1187 514 1251 tenebris
538 1187 698 1269 errabant,
722 1184 762 1249 ad
785 1207 899 1250 sonum
921 1188 1017 1250 notae
1039 1188 1129 1251 vocis
1147 1191 1213 1252 aut

148 1293 181 1342 aa
200 1273 327 1358 signum
346 1275 478 1339 subinde
497 1278 656 1340 coeuntes.
685 1273 910 1338 Exaudiebant
923 1276 1032 1338 tamen
1049 1276 1211 1359 strepitus

199 1361 408 1447 habenarum,
439 1363 554 1447 quibus
586 1362 660 1447 equi
691 1383 818 1426 currum
848 1362 1000 1426 vehentes
1029 1362 1210 1428 identidem

199 1450 461 1516 verberabantur:
479 1451 559 1515 haec
573 1451 642 1516 sola
654 1449 808 1535 fugientis
822 1449 958 1534 vestigia
971 1455 1104 1534 excepta
1119 1457 1209 1517 sunt

608 1606 685 1673 One.
707 1606 794 1672 XVI.

165 1736 179 1784 1
287 1715 333 1779 At
354 1716 389 1779 in
411 1714 501 1779 laevo
519 1712 728 1778 Macedonum
750 1733 849 1778 cornu
862 1749 905 1758 -
918 1711 1098 1798 Parmenio,
1121 1714 1209 1778 siout
1217 1714 1248 1776 60

199 1806 273 1867 ante
296 1809 341 1868 est
361 1803 489 1888 dictum,
510 1802 660 1866 tuebatur
678 1837 720 1848 -
737 1802 834 1884 longe
857 1800 920 1864 alia
938 1800 1067 1866 fortuna
1085 1802 1209 1866 utrius·

200 1912 260 1974 que
283 1892 385 1972 partis
407 1912 458 1956 res
481 1891 660 1976 gerebatur.
694 1887 843 1953 Mazaeus
866 1909 938 1952 cum
960 1889 1049 1953 omni
1071 1911 1207 1954 suorum

200 1978 344 2128 equitatp
381 1979 583 2130 vehemqntep
617 1977 958 2128 inveqlthistupiplguebat
991 1974 1207 2131 Macedonuffi

165 2086 278 2133 aaas.
336 2087 388 2128 am
411 2087 450 2130 uc
473 2088 493 2130 a
515 2087 560 2130 un
581 2086 639 2129 ans
662 2087 694 2129 m
849 2086 865 2127 e
888 2085 988 2129 acrem
1011 2087 1171 2131 circumve

201 2155 362 2234 coeperat,
390 2088 463 2217 dum
485 2148 652 2216 Parmenio
680 2153 801 2236 equites
826 2151 974 2216 nuntiare
996 2152 1086 2217 iubet
1108 2153 1207 2219 Alex·

201 2239 315 2322 andro,
341 2240 461 2324 inquo
485 2240 667 2304 discrimine
689 2240 752 2324 ipsi
774 2244 893 2304 essent:
924 2240 960 2303 ni
980 2244 1106 2305 mature
1130 2244 1207 2307 sub·

165 2328 373 2412 avenirctm,
401 2349 468 2393 non
495 2349 589 2412 posse
616 2328 687 2392 sisti
713 2327 832 2413 fugam.
880 2327 951 2392 Iam
973 2329 1110 2393 multum
1132 2332 1207 2395 viae

200 2419 404 2500 praeceperat
433 2438 489 2480 rex
519 2415 679 2480 inminens
709 2415 901 2500 fugientium
932 2417 1047 2501 tergis,
1083 2439 1160 2482 cum
1188 2441 1208 2482 a

203 2504 415 2570 Parmenione
450 2504 552 2568 tristis
586 2505 718 2569 nuntius
748 2505 845 2569 venit.
898 2502 1071 2569 Refrenare
1102 2527 1206 2591 equos

199 2592 293 2672 iussi,
325 2593 380 2676 qui
411 2593 620 2677 vehebantur,
651 2613 829 2678 agmenque
860 2592 1006 2656 constitit
1035 2591 1206 2658 frendente

199 2679 394 2765 Alexandro,
422 2681 503 2764 eripi
524 2681 586 2746 sibi
607 2681 775 2746 victoriam
798 2701 815 2744 e
837 2679 985 2744 manibus
1008 2683 1040 2744 et
1061 2679 1206 2746 Dareum

168 2768 322 2835 :felicius
353 2768 464 2854 fugere
493 2791 589 2853 quam
617 2790 651 2834 se
677 2769 774 2853 sequi.
818 2767 951 2832 [nterim
974 2766 1014 2832 ad
1036 2767 1204 2833 Mazaeum

201 2857 340 2938 superati
358 2858 443 2942 regis
461 2856 549 2922 fama
565 2859 759 2939 pervenerat.
793 2855 915 2940 Itaque,
938 2877 1131 2940 quamquam
1148 2879 1204 2922 va-

199 2944 294 3008 lidior
322 2947 402 3028 erat,
434 2948 543 3009 tamen
569 2944 700 3010 fortuna
725 2945 864 3028 partium
891 2945 1021 3008 territus
1048 2945 1204 3028 perculsis

200 3032 382 3116 languidius
405 3033 555 3097 instabat.
595 3032 764 3097 Parmenio
786 3032 959 3117 ignorabat
981 3033 1108 3115 quidem
1130 3055 1202 3098 cau·

201 3142 269 3184 sam
297 3142 354 3186 sua
382 3124 494 3204 sponte
521 3141 648 3206 pugnae
670 3121 837 3205 remissae,
868 3120 924 3184 sed
946 3121 1112 3185 occasione
1135 3121 1203 3186 vin-

166 3226 181 3276 5
200 3209 292 3273 cendi
314 3212 443 3272 strenue
463 3213 514 3274 est
530 3231 616 3273 usus.
652 3209 823 3274 Thessalos
843 3209 964 3292 equites
984 3209 1024 3272 ad
1043 3230 1076 3272 se
1094 3209 1202 3273 vocari

199 3296 296 3361 iubet.
346 3295 486 3382 ‘Ecquid
514 3295 655 3380 videtis',
685 3296 805 3381 inquit,
839 3295 943 3379 istos,
974 3297 1029 3380 qui
1054 3297 1201 3361 ferociter

199 3386 295 3450 modo
322 3385 499 3464 instabant,
525 3384 639 3468 pedem
664 3384 781 3448 referre
809 3385 915 3449 subito
942 3405 1060 3467 pavore
1083 3388 1199 3469 perter-

198 3473 302 3538 ritos?
346 3471 506 3538 Nimirum
537 3473 630 3537 nobis
662 3493 787 3557 quoque
818 3473 904 3557 regis
936 3473 1040 3538 nostri
1071 3473 1199 3538 fortuna

198 3562 284 3628 vicit.
329 3559 445 3626 Omnia
465 3561 635 3625 Persarum
661 3559 756 3624 caede
780 3563 881 3624 strata
904 3563 988 3625 aunt.
1033 3559 1115 3636 Quid
1136 3581 1199 3625 ces·
