2582 4098
237 244 300 307 104
604 245 635 307 Q.
656 243 765 298 CURTI
782 243 869 298 RUFI

668 456 747 524 One.
768 455 807 523 X

198 583 212 632 1
319 562 366 629 At
395 561 513 627 Bessus
543 563 576 626 et
601 560 805 627 Nabarzanes
838 563 914 628 olim
945 565 1110 649 agitatum
1143 559 1251 626 scelusll

233 652 345 802 exequi
368 653 521 802 §talantii
535 651 628 734 regni
650 651 821 734 cupiditate
844 652 981 803 ποεηεὲθε
1004 651 1227 814 queoQauten

197 757 303 806 amco
317 760 383 801 unu
428 759 470 801 an
549 758 625 821 opes
658 760 784 822 sperare
810 761 877 804 non
906 761 947 822 po
981 762 1041 804 ran
1149 757 1227 820 mppe

232 827 267 890 in
289 826 353 889 illis
376 826 526 910 gentibus
541 846 654 910 regum
672 827 787 890 eximia
803 828 954 892 maiestas
973 831 1035 892 est:
1059 828 1106 892 ad
1125 845 1228 890 nomen

233 934 358 997 quoque
381 913 510 977 barbari
532 914 733 996 conveniunt,
758 918 791 978 et
812 916 966 999 pristinae
988 915 1159 979 veneratio
1180 913 1228 976 for·

197 1020 213 1068 e
232 1004 330 1064 tunae
349 1001 490 1084 sequitur
509 1001 681 1066 adversam.
713 1001 853 1066 Inflabat
869 1003 985 1086 impios
1000 1004 1132 1067 animos
1146 1001 1229 1096 regio,

232 1089 283 1152 cui
309 1092 491 1173 praeerant,
517 1091 614 1154 armis
641 1089 780 1174 virisque
807 1094 840 1154 et
862 1091 966 1173 spatio
988 1091 1141 1156 locorum
1163 1087 1227 1151 null

231 1177 1228 1350 ttttnttttttlttssttfflt‘tsttffttt:

196 1353 400 1436 4aequabat.
444 1353 557 1439 Itaque
584 1375 652 1418 non
677 1353 768 1417 illum
794 1354 903 1436 modo,
935 1354 990 1418 sed
1018 1354 1121 1418 etiam
1148 1352 1227 1416 Alex·

232 1440 368 1504 andrum
391 1442 597 1524 spernebant,
629 1441 703 1504 inde
733 1442 817 1506 vires
845 1441 971 1524 imperii
997 1441 1182 1525 repetituri,
1207 1435 1226 1499 si

196 1529 323 1613 tregni
359 1529 398 1593 iis
434 1529 531 1611 potiri
562 1529 758 1613 contigisset.
808 1528 873 1593 Diu
903 1530 1052 1594 omnibus
1085 1524 1227 1614 cogitetis

230 1617 351 1699 placuit
372 1637 429 1699 per
451 1617 567 1679 milites
590 1615 779 1682 Bactrianos
802 1617 843 1681 ad
865 1639 959 1682 omne
978 1618 1171 1702 obsequium
1187 1612 1226 1676 de

231 1705 366 1768 stinatos
399 1723 508 1786 regem
544 1703 799 1786 conprehendere
834 1705 980 1789 mittique
1010 1707 1166 1769 nuntium
1195 1698 1224 1764 ad

195 1790 462 1874 oAlexandrum,
491 1790 547 1874 qui
577 1791 731 1856 indicaret
760 1793 867 1857 vivum
895 1793 1056 1857 adservari
1082 1813 1173 1857 eum:
1198 1785 1225 1866 si,

230 1878 264 1942 id
287 1879 371 1962 quod
393 1879 561 1962 timebant,
589 1880 802 1962 proditionem
825 1884 1011 1963 aspernatus
1034 1885 1136 1964 esset,
1159 1875 1223 1943 occi·

184 1969 188 1975 '
231 1967 297 2030 suri
324 1965 464 2029 Dareum
495 1971 527 2030 et
553 1966 670 2031 Bactra
701 1989 772 2032 cum
804 1990 933 2032 suarum
965 1969 1112 2053 gentium
1143 1983 1223 2032 manu

197 2053 370 2136 apetituri.
416 2051 564 2119 Ceterum
590 2056 756 2139 propalam
783 2056 999 2140 conprehendi
1020 2055 1149 2120 Dareus
1170 2071 1222 2116 non

230 2143 358 2223 poterat
379 2143 430 2205 tot
445 2140 614 2206 Persarum
635 2144 764 2207 milibus
785 2145 899 2208 laturis
922 2165 1015 2227 opem
1033 2144 1116 2228 regi:
1141 2141 1222 2207 Grae

195 2244 341 2292 acorum
373 2250 499 2313 quoque
530 2230 608 2294 fides
637 2231 817 2296 timebatur.
861 2230 972 2315 Itaque
1000 2232 1085 2316 quod
1112 2232 1146 2296 vi
1171 2245 1222 2292 non

230 2318 393 2400 poterant,
421 2317 532 2381 fraude
565 2318 696 2403 adsequi
726 2322 898 2403 temptant:
928 2319 1160 2403 paenitentiam
1188 2334 1221 2378 se

231 2402 383 2468 cessionis
407 2405 556 2470 simulare
579 2406 784 2471 decreverant
805 2411 838 2471 et
855 2428 1004 2472 excusare
1023 2407 1109 2490 apud
1127 2421 1220 2490 regem

231 2492 522 2557 consternationem
550 2515 648 2558 suam.
693 2493 839 2579 Interim,
868 2495 924 2578 qui
945 2495 1060 2559 Persas
1083 2493 1220 2559 sollicita·

195 2582 310 2663 erent,
332 2580 511 2647 mittuntur.
547 2580 631 2646 Hinc
654 2603 718 2666 spe,
739 2582 815 2646 hinc
832 2586 920 2647 metu
938 2583 1093 2647 militares
1112 2582 1221 2647 animes

229 2673 376 2733 versant:
407 2670 516 2734 ruinae
543 2691 649 2734 rerum
672 2671 806 2735 subdere
828 2670 901 2734 illos
923 2670 1043 2754 capita,
1073 2671 1109 2734 in
1130 2664 1220 2755 perni-

229 2755 311 2820 ciem
336 2757 437 2841 trahi,
468 2780 540 2822 oum
566 2758 684 2822 Bactra
710 2761 843 2842 pateant
869 2761 1038 2841 exceptura
1063 2780 1118 2824 eos
1141 2753 1221 2822 bonis

230 2847 263 2908 et
298 2845 477 2928 opulentia,
513 2846 627 2911 animis
663 2868 760 2930 quam
796 2846 962 2930 concipere
997 2866 1066 2910 non
1101 2842 1220 2930 possint

176 2948 211 2996 ιο
229 2929 318 2996 Haec
341 2933 538 3016 agitantibus
553 2934 732 2998 Artabazus
754 2934 938 3018 supervenit
960 2934 1025 2998 sive
1043 2935 1130 3019 regis
1145 2914 1248 2998 iussull

229 3020 295 3084 sive
330 3041 387 3084 sua
418 3025 531 3104 sponte
563 3022 749 3104 adfirmans,
784 3021 967 3106 mitigatum
996 3043 1066 3086 esse
1093 3020 1219 3086 Dareum

229 3111 262 3171 et
288 3108 423 3173 eundem
449 3109 513 3173 illis
541 3111 698 3174 amicitiae
721 3109 855 3194 gradum
876 3113 985 3194 patere
1008 3110 1094 3193 apud
1116 3125 1220 3193 regem.

177 3213 209 3261 11
228 3195 280 3260 Illi
315 3197 520 3262 lacrimantes
553 3219 640 3262 nunc
670 3218 808 3283 purgare
840 3219 887 3282 sc,
922 3218 1007 3262 nunc
1037 3196 1218 3262 Artabazum

229 3306 328 3366 orare,
351 3288 388 3348 ut
410 3306 539 3350 causam
561 3286 704 3368 ipsorum
721 3289 863 3350 tueretur
879 3306 1051 3370 precesque
1068 3282 1217 3370 perferret.

176 3389 209 3437 12
229 3369 281 3436 Sic
303 3375 432 3456 peracta
454 3377 548 3438 nocte
571 3375 630 3438 sub
654 3375 733 3439 lucis
757 3377 901 3438 exortum
923 3373 1040 3438 Bessis
1061 3377 1094 3437 et
1108 3371 1216 3438 Nabar·

228 3480 323 3525 zanes
349 3483 422 3525 cum
449 3461 628 3525 Bactrianis
654 3462 809 3526 militibus
835 3462 871 3525 in
897 3461 1054 3526 vestibulo
1081 3452 1216 3545 praetorii

235 3548 382 3632 aderant,
404 3549 534 3612 titulum
555 3549 718 3613 sollemnis
741 3550 839 3614 officii
861 3549 986 3614 occulto
1010 3549 1120 3613 sceleri
1140 3565 1216 3632 prae

228 3633 376 3700 ferentes.
421 3635 544 3699 Dareus
573 3637 665 3720 signo
692 3636 733 3700 ad
759 3636 898 3699 eundum
923 3635 998 3700 dato
1021 3657 1146 3699 currum
1165 3631 1214 3718 pri·
