2582 4098
242 208 495 264 HISTORIARUM
512 209 725 264 ALEXANDBI
742 209 781 278 V,
800 216 841 264 10.
862 215 902 264 11.
1022 208 1085 272 105

64 354 165 420 stino
184 375 273 418 more
291 351 482 418 conscendit.
516 351 721 418 Nabarzanes
737 353 895 438 ceterique
909 353 1084 437 parricidae
1105 373 1137 422 ls

64 443 325 526 procumbentes
351 441 454 523 humi,
481 463 576 525 quem
598 443 695 524 paulo
718 445 793 524 post
814 442 848 504 in
870 442 1006 506 vinculis
1028 441 1084 506 ha-

66 530 181 594 bituri
201 533 302 614 erant,
324 530 502 594 sustinuere
520 530 675 613 venerari,
696 529 844 594 lacrimas
863 529 959 594 etiam
976 529 1085 613 paeni-

67 619 202 682 tentiae
236 618 356 682 indices
391 617 614 701 profuderunt:
655 617 734 683 adeo
766 617 915 682 humanis
946 617 1085 701 ingeniis

69 709 195 790 parata
226 705 387 770 simulatio
419 708 476 770 est.
524 705 637 770 Preces
669 705 782 770 deinde
814 706 1000 789 suppliciter
1031 705 1138 773 ecl-14

71 798 189 860 motae
207 792 360 878 Dareum,
388 796 505 857 natura
527 792 703 877 simplicem
727 797 759 858 et
780 795 903 878 mitem,
929 815 997 859 non
1019 815 1084 858 cre·

74 883 155 948 dere
179 882 287 965 modo,
310 903 391 965 quae
413 880 639 965 adfirmabant,
671 881 727 945 sed
752 881 827 946 flere
854 883 951 947 etiam
974 885 1085 968 colige-

73 973 166 1035 runt.
210 969 259 1034 Ac
288 974 426 1034 netum
454 969 580 1054 quidem
608 969 741 1053 cogitati
767 970 893 1034 sceleris
919 970 1086 1055 paenituit,
1105 985 1138 1036 15

76 1081 154 1123 cum
180 1059 382 1122 intuerentur
407 1059 533 1141 qualem
559 1060 593 1120 et
617 1077 726 1143 regem
749 1061 781 1121 et
802 1057 906 1122 virum
927 1058 1086 1123 fallerent

76 1147 139 1210 Ille
164 1146 300 1229 quidem,
322 1149 451 1210 securus
471 1145 612 1229 periculi,
634 1144 720 1229 quod
737 1145 890 1228 instabat,
912 1145 1086 1211 Alexandri

77 1256 210 1318 manus,
232 1255 311 1320 quas
334 1234 418 1300 solas
439 1233 587 1317 timebat,
610 1233 748 1318 effugere
769 1233 971 1317 properabat

503 1390 583 1458 Osa.
603 1391 660 1458 XL

14 1497 70 1560 30
169 1496 290 1561 Patron
312 1500 435 1580 autem,
457 1494 651 1562 Graecorum
672 1498 750 1580 dux,
771 1495 927 1581 praecipit
949 1495 1027 1579 suis,
1049 1499 1120 1563 ut1

82 1607 185 1668 arma,
216 1606 296 1668 quae
326 1586 363 1649 in
394 1586 526 1650 sarcinis
556 1589 651 1650 antea
679 1585 877 1668 ferebantur,
908 1583 1086 1668 induerent,

83 1673 125 1738 ad
150 1695 241 1738 omne
263 1673 432 1757 imperium
454 1695 547 1738 suum
568 1674 673 1757 parati
696 1676 729 1738 et
749 1672 876 1737 intenti.
919 1671 992 1755 Ipse
1015 1690 1120 1738 cur-a

82 1783 156 1826 rum
183 1761 267 1845 regis
295 1762 486 1846 sequebatur
512 1761 672 1826 occasioni
697 1761 867 1825 imminens
894 1759 1087 1842 adloquendi

84 1871 170 1932 eum,
201 1848 317 1934 quippe
339 1846 432 1913 Bessi
458 1848 582 1912 facinus
608 1851 839 1932 praesenserat.
883 1845 946 1912 Sed
967 1845 1086 1912 Bessus

84 1937 118 2001 id
141 1937 244 2021 ipsum
265 1940 420 2018 metuens,
443 1939 549 2001 custos
571 1937 676 2000 verius
699 1957 795 2021 quam
818 1956 932 2018 comes,
955 1957 975 1998 a
993 1956 1086 2000 curru

85 2046 152 2090 non
171 2025 348 2089 recedebat.
384 2023 449 2088 Diu
471 2044 548 2108 ergo
571 2023 692 2089 Patron
714 2026 881 2088 cunctatus
904 2044 941 2088 ac
960 2023 1121 2108 saepiuss

87 2133 230 2178 sermone
251 2116 432 2196 revocatus,
456 2112 540 2175 inter
565 2113 660 2176 fidem
681 2112 891 2195 timoremque
914 2111 1087 2194 haesitans,

85 2220 192 2284 regem
225 2200 420 2265 intuebatur.
473 2199 535 2276 Qui
570 2203 607 2264 ut
636 2201 766 2264 tandem
797 2199 935 2265 advertit
969 2201 1120 2284 oculose

86 2287 236 2354 Bubacen
257 2289 432 2371 spadonem
457 2287 543 2352 inter
565 2288 729 2371 proximos
751 2310 879 2353 currum
901 2291 1087 2373 sequentem

87 2377 265 2460 percontari
293 2377 395 2460 iubet,
425 2376 578 2461 numquid
604 2377 669 2460 ipsi
694 2377 771 2441 velit
797 2376 909 2441 dicere.
957 2375 1088 2458 Patron,

89 2486 122 2529 se
143 2486 230 2548 vero,
260 2464 315 2529 sed
336 2465 468 2530 remotis
491 2464 619 2530 arbitris
645 2465 733 2547 loqui
760 2464 841 2529 velle
863 2484 936 2527 cum
958 2483 1009 2546 eo,
1039 2483 1087 2526 re-

88 2552 217 2637 spondit
240 2552 407 2638 iussusque
433 2552 565 2637 propius
588 2552 734 2617 accedere
757 2552 825 2616 sine
847 2550 1021 2632 interprete
1047 2585 1085 2595 —

85 2663 162 2706 nam
195 2640 282 2705 haud
317 2640 405 2705 rudis
436 2639 575 2705 Graecae
610 2641 741 2724 linguae
771 2637 895 2702 Dareus
931 2640 1013 2720 erat,
1045 2673 1087 2683 -

86 2727 191 2812 ‘Rex',
220 2729 337 2814 inquit,
369 2727 424 2793 ‘ex
454 2745 476 2792 Ι,
504 2729 632 2792 milibus
660 2725 855 2792 Graecorum
882 2742 1123 2809 supersumust

83 2817 191 2901 pauci,
226 2817 331 2881 omnis
361 2817 510 2882 fortunae
540 2819 614 2880 tuae
646 2814 777 2879 comites
809 2816 843 2877 et
872 2812 907 2877 in
937 2812 999 2878 hoc
1030 2816 1086 2878 tuo

85 2908 173 2970 statu
193 2903 292 2989 idem,
313 2905 368 2991 qui
390 2905 523 2969 florente
544 2907 577 2967 te
598 2902 726 2986 fuimus,
749 2922 962 2985 quascumque
984 2904 1087 2966 terras

85 2992 231 3077 elegeris,
257 3014 316 3076 pro
343 2993 448 3075 patria
470 2995 503 3056 et
529 2990 711 3056 domesticis
732 2990 828 3054 rebus
849 2989 989 3073 petituri.
1034 2986 1123 3058 Sos

85 3079 205 3146 eundae
235 3079 449 3164 adversaeque
480 3101 530 3143 res
559 3082 634 3143 tuae
666 3079 852 3161 copulavere
883 3099 943 3142 nos
974 3081 1089 3142 tecum.

84 3167 148 3233 Per
171 3168 255 3232 hanc
281 3169 377 3233 fidem
403 3167 556 3232 invictam
583 3188 639 3232 oro
668 3170 701 3230 et
727 3167 882 3250 obtestor,
910 3165 947 3229 in
968 3166 1088 3230 nostris

86 3256 198 3322 castris
224 3255 285 3320 tibi
306 3256 549 3321 tabernaculum
571 3257 688 3335 statue,
719 3275 779 3319 nos
803 3253 944 3337 corporis
966 3253 1014 3316 tui
1037 3275 1088 3318 cu-

86 3344 192 3410 stodes
215 3365 283 3409 esse
305 3345 447 3427 patiaris.
483 3341 656 3408 Omisimus
672 3340 848 3427 Graeciam,
870 3341 959 3405 nulla
971 3340 1089 3405 Bactra

87 3436 162 3498 sunt
190 3432 300 3497 nobis:
335 3453 407 3517 spes
440 3431 543 3496 omnis
569 3431 605 3494 in
631 3434 678 3513 te,
708 3430 832 3494 utinam
855 3429 953 3493 etiam
976 3429 1088 3493 ceteris

87 3523 178 3586 esset.
215 3521 313 3585 Plura
334 3520 397 3584 dici
418 3541 486 3585 non
508 3519 633 3584 attinet
668 3516 855 3584 Custodiam
877 3516 1019 3600 corporis
1041 3515 1091 3579 tui

88 3613 236 3674 externus
268 3611 300 3672 et
327 3609 508 3693 alienigena
532 3629 600 3672 non
628 3607 844 3691 deposcerem,
876 3604 903 3667 si
929 3603 1089 3667 crederem
