<?xml version="1.0" encoding="UTF-8"?>
<!DOCTYPE html PUBLIC "-//W3C//DTD XHTML 1.0 Transitional//EN"
    "http://www.w3.org/TR/xhtml1/DTD/xhtml1-transitional.dtd">
<html xmlns="http://www.w3.org/1999/xhtml" xml:lang="en" lang="en">
 <head>
  <title>
</title>
<meta http-equiv="Content-Type" content="text/html;charset=utf-8" />
  <meta name='ocr-system' content='tesseract 3.04.00' />
  <meta name='ocr-capabilities' content='ocr_page ocr_carea ocr_par ocr_line ocrx_word'/>
</head>
<body>
  <div class='ocr_page' id='page_1' title='image "./qcurtirufihisto04rufugoog_0064.png"; bbox 0 0 2552 4108; ppageno 0'>
   <div class='ocr_carea' id='block_1_1' title="bbox 204 100 839 169">
    <p class='ocr_par' dir='ltr' id='par_1_1' title="bbox 204 100 839 169">
     <span class='ocr_line' id='line_1_1' title="bbox 204 100 839 169; baseline -0.006 -5"><span class='ocrx_word' id='word_1_1' title='bbox 204 100 247 164; x_wconf 79' lang='lat'><strong>32</strong></span> <span class='ocrx_word' id='word_1_2' title='bbox 578 104 609 169; x_wconf 78' lang='lat' dir='ltr'><strong>Q.</strong></span> <span class='ocrx_word' id='word_1_3' title='bbox 627 103 736 160; x_wconf 79' lang='lat' dir='ltr'>GURTI</span> <span class='ocrx_word' id='word_1_4' title='bbox 753 105 839 160; x_wconf 77' lang='lat' dir='ltr'>RUFI</span> 
     </span>
    </p>
   </div>
   <div class='ocr_carea' id='block_1_2' title="bbox 153 245 1268 3583">
    <p class='ocr_par' dir='ltr' id='par_1_2' title="bbox 153 245 1268 3688">
     <span class='ocr_line' id='line_1_2' title="bbox 204 245 1226 329; baseline 0.008 -21"><span class='ocrx_word' id='word_1_5' title='bbox 204 245 291 309; x_wconf 89' lang='lat' dir='ltr'><strong>tibus</strong></span> <span class='ocrx_word' id='word_1_6' title='bbox 313 245 415 329; x_wconf 85' lang='lat' dir='ltr'><strong>facta,</strong></span> <span class='ocrx_word' id='word_1_7' title='bbox 447 247 528 311; x_wconf 92' lang='lat' dir='ltr'><strong>serio</strong></span> <span class='ocrx_word' id='word_1_8' title='bbox 555 247 621 311; x_wconf 90' lang='lat' dir='ltr'><strong>iam</strong></span> <span class='ocrx_word' id='word_1_9' title='bbox 642 270 697 312; x_wconf 87' lang='lat' dir='ltr'><strong>rex</strong></span> <span class='ocrx_word' id='word_1_10' title='bbox 719 248 833 313; x_wconf 88' lang='lat' dir='ltr'><strong>iisdem</strong></span> <span class='ocrx_word' id='word_1_11' title='bbox 854 249 1082 315; x_wconf 72' lang='lat' dir='ltr'><strong>comitantibus</strong></span> <span class='ocrx_word' id='word_1_12' title='bbox 1106 251 1147 316; x_wconf 88' lang='lat' dir='ltr'><strong>in</strong></span> <span class='ocrx_word' id='word_1_13' title='bbox 1174 275 1226 316; x_wconf 88' lang='lat' dir='ltr'><strong>re·</strong></span> 
     </span>
     <span class='ocr_line' id='line_1_3' title="bbox 153 334 1226 492; baseline 0.002 -90"><span class='ocrx_word' id='word_1_14' title='bbox 153 353 187 402; x_wconf 79' lang='lat'><strong>24</strong></span> <span class='ocrx_word' id='word_1_15' title='bbox 205 334 292 485; x_wconf 61' lang='lat' dir='ltr'><strong>giqm</strong></span> <span class='ocrx_word' id='word_1_16' title='bbox 314 335 471 486; x_wconf 36' lang='lat' dir='ltr'><strong>gement?</strong></span> <span class='ocrx_word' id='word_1_17' title='bbox 506 334 616 486; x_wconf 41' lang='grc' dir='ltr'><strong>ἔξω</strong></span> <span class='ocrx_word' id='word_1_18' title='bbox 642 336 769 488; x_wconf 57' lang='lat' dir='ltr'><strong>deiffl&#39;</strong></span> <span class='ocrx_word' id='word_1_19' title='bbox 798 340 836 401; x_wconf 91' lang='lat' dir='ltr'><strong>ut</strong></span> <span class='ocrx_word' id='word_1_20' title='bbox 863 339 957 488; x_wconf 48' lang='lat' dir='ltr'><strong>efflet,</strong></span> <span class='ocrx_word' id='word_1_21' title='bbox 989 342 1120 490; x_wconf 55' lang='lat' dir='ltr'><strong>streqlqe</strong></span> <span class='ocrx_word' id='word_1_22' title='bbox 1146 344 1226 492; x_wconf 49' lang='lat' dir='ltr'><strong>tonte</strong></span> 
     </span>
     <span class='ocr_line' id='line_1_4' title="bbox 204 442 1225 502; baseline 0.006 -17"><span class='ocrx_word' id='word_1_23' title='bbox 204 442 282 485; x_wconf 91' lang='lat' dir='ltr'><strong>ure</strong></span> <span class='ocrx_word' id='word_1_24' title='bbox 335 444 470 486; x_wconf 84' lang='lat' dir='ltr'><strong>recurrr.</strong></span> <span class='ocrx_word' id='word_1_25' title='bbox 550 445 696 488; x_wconf 87' lang='lat' dir='ltr'><strong>rorums</strong></span> <span class='ocrx_word' id='word_1_26' title='bbox 767 447 836 502; x_wconf 88' lang='lat' dir='ltr'><strong>um,</strong></span> <span class='ocrx_word' id='word_1_27' title='bbox 911 447 1062 490; x_wconf 87' lang='lat' dir='ltr'><strong>orumm</strong></span> <span class='ocrx_word' id='word_1_28' title='bbox 1150 451 1175 491; x_wconf 86' lang='lat' dir='ltr'><strong>a</strong></span> <span class='ocrx_word' id='word_1_29' title='bbox 1206 451 1225 490; x_wconf 91' lang='lat' dir='ltr'><strong>o</strong></span> 
     </span>
     <span class='ocr_line' id='line_1_5' title="bbox 205 447 1225 599; baseline 0.007 -26"><span class='ocrx_word' id='word_1_30' title='bbox 205 510 379 574; x_wconf 80' lang='lat' dir='ltr'>eminebat:</span> <span class='ocrx_word' id='word_1_31' title='bbox 416 509 624 576; x_wconf 78' lang='lat' dir='ltr'><strong>divitissimus</strong></span> <span class='ocrx_word' id='word_1_32' title='bbox 655 513 786 596; x_wconf 90' lang='lat' dir='ltr'><strong>quisque</strong></span> <span class='ocrx_word' id='word_1_33' title='bbox 812 513 1025 578; x_wconf 77' lang='lat' dir='ltr'><strong>humilitatem</strong></span> <span class='ocrx_word' id='word_1_34' title='bbox 1052 447 1225 599; x_wconf 62' lang='lat' dir='ltr'><strong>inogpdiam-</strong></span> 
     </span>
     <span class='ocr_line' id='line_1_6' title="bbox 153 598 1224 682; baseline 0.001 -16"><span class='ocrx_word' id='word_1_35' title='bbox 153 617 186 666; x_wconf 79' lang='lat'><strong>25</strong></span> <span class='ocrx_word' id='word_1_36' title='bbox 205 619 266 682; x_wconf 91' lang='lat' dir='ltr'><strong>que</strong></span> <span class='ocrx_word' id='word_1_37' title='bbox 298 598 366 662; x_wconf 88' lang='lat' dir='ltr'><strong>eius</strong></span> <span class='ocrx_word' id='word_1_38' title='bbox 395 598 480 680; x_wconf 87' lang='lat' dir='ltr'><strong>apud</strong></span> <span class='ocrx_word' id='word_1_39' title='bbox 507 598 626 664; x_wconf 87' lang='lat' dir='ltr'><strong>amicos</strong></span> <span class='ocrx_word' id='word_1_40' title='bbox 657 600 832 664; x_wconf 85' lang='lat' dir='ltr'><strong>Alexandri</strong></span> <span class='ocrx_word' id='word_1_41' title='bbox 861 601 1099 666; x_wconf 79' lang='lat' dir='ltr'><strong>criminabatur.</strong></span> <span class='ocrx_word' id='word_1_42' title='bbox 1148 603 1224 668; x_wconf 91' lang='lat' dir='ltr'><strong>Ad-</strong></span> 
     </span>
     <span class='ocr_line' id='line_1_7' title="bbox 204 686 1225 774; baseline 0.008 -26"><span class='ocrx_word' id='word_1_43' title='bbox 204 686 291 749; x_wconf 91' lang='lat' dir='ltr'><strong>mitti</strong></span> <span class='ocrx_word' id='word_1_44' title='bbox 326 707 399 748; x_wconf 90' lang='lat' dir='ltr'><strong>eum</strong></span> <span class='ocrx_word' id='word_1_45' title='bbox 430 707 486 748; x_wconf 87' lang='lat' dir='ltr'><strong>rex</strong></span> <span class='ocrx_word' id='word_1_46' title='bbox 516 687 663 769; x_wconf 79' lang='lat' dir='ltr'><strong>protinus</strong></span> <span class='ocrx_word' id='word_1_47' title='bbox 692 688 786 752; x_wconf 89' lang='lat' dir='ltr'><strong>iussit</strong></span> <span class='ocrx_word' id='word_1_48' title='bbox 817 689 933 772; x_wconf 91' lang='lat' dir='ltr'><strong>diuque</strong></span> <span class='ocrx_word' id='word_1_49' title='bbox 964 691 1225 774; x_wconf 72' lang='lat' dir='ltr'><strong>contemplatus,</strong></span> 
     </span>
     <span class='ocr_line' id='line_1_8' title="bbox 205 772 1224 864; baseline 0.007 -28"><span class='ocrx_word' id='word_1_50' title='bbox 205 772 392 856; x_wconf 75' lang='lat' dir='ltr'><strong>‘Corporis&#39;,</strong></span> <span class='ocrx_word' id='word_1_51' title='bbox 419 773 536 857; x_wconf 87' lang='lat' dir='ltr'><strong>inquit,</strong></span> <span class='ocrx_word' id='word_1_52' title='bbox 566 773 712 840; x_wconf 71' lang='lat' dir='ltr'><strong>‘habitus</strong></span> <span class='ocrx_word' id='word_1_53' title='bbox 738 776 843 840; x_wconf 86' lang='lat' dir='ltr'><strong>famae</strong></span> <span class='ocrx_word' id='word_1_54' title='bbox 869 777 998 864; x_wconf 87' lang='lat' dir='ltr'><strong>generis</strong></span> <span class='ocrx_word' id='word_1_55' title='bbox 1022 797 1090 842; x_wconf 90' lang='lat' dir='ltr'><strong>non</strong></span> <span class='ocrx_word' id='word_1_56' title='bbox 1118 801 1224 863; x_wconf 87' lang='lat' dir='ltr'><strong>repu-</strong></span> 
     </span>
     <span class='ocr_line' id='line_1_9' title="bbox 205 861 1223 948; baseline 0.009 -26"><span class='ocrx_word' id='word_1_57' title='bbox 205 863 297 944; x_wconf 89' lang='lat' dir='ltr'><strong>gnat:</strong></span> <span class='ocrx_word' id='word_1_58' title='bbox 314 861 384 925; x_wconf 87' lang='lat' dir='ltr'><strong>sed</strong></span> <span class='ocrx_word' id='word_1_59' title='bbox 410 861 490 925; x_wconf 90' lang='lat' dir='ltr'><strong>libet</strong></span> <span class='ocrx_word' id='word_1_60' title='bbox 511 861 604 946; x_wconf 89' lang='lat' dir='ltr'><strong>scire,</strong></span> <span class='ocrx_word' id='word_1_61' title='bbox 629 863 772 946; x_wconf 88' lang='lat' dir='ltr'><strong>inopiam</strong></span> <span class='ocrx_word' id='word_1_62' title='bbox 795 885 858 948; x_wconf 91' lang='lat' dir='ltr'><strong>qua</strong></span> <span class='ocrx_word' id='word_1_63' title='bbox 879 864 1036 946; x_wconf 88' lang='lat' dir='ltr'><strong>patientia</strong></span> <span class='ocrx_word' id='word_1_64' title='bbox 1057 865 1223 930; x_wconf 73' lang='lat' dir='ltr'><strong>tulerisP’</strong></span> 
     </span>
     <span class='ocr_line' id='line_1_10' title="bbox 205 947 1224 1038; baseline 0.008 -28"><span class='ocrx_word' id='word_1_65' title='bbox 205 947 287 1011; x_wconf 85' lang='lat' dir='ltr'><strong>Tum</strong></span> <span class='ocrx_word' id='word_1_66' title='bbox 323 949 392 1032; x_wconf 91' lang='lat' dir='ltr'><strong>ille,</strong></span> <span class='ocrx_word' id='word_1_67' title='bbox 422 947 596 1032; x_wconf 77' lang='lat' dir='ltr'><strong>‘Utinam&#39;,</strong></span> <span class='ocrx_word' id='word_1_68' title='bbox 630 950 747 1034; x_wconf 90' lang='lat' dir='ltr'><strong>inquit,</strong></span> <span class='ocrx_word' id='word_1_69' title='bbox 780 950 902 1016; x_wconf 75' lang='lat' dir='ltr'><strong>‘eodem</strong></span> <span class='ocrx_word' id='word_1_70' title='bbox 934 952 1041 1017; x_wconf 89' lang='lat' dir='ltr'><strong>animo</strong></span> <span class='ocrx_word' id='word_1_71' title='bbox 1073 974 1224 1038; x_wconf 90' lang='lat' dir='ltr'><strong>regnum</strong></span> 
     </span>
     <span class='ocr_line' id='line_1_11' title="bbox 205 1035 1223 1118; baseline 0.008 -20"><span class='ocrx_word' id='word_1_72' title='bbox 205 1035 273 1117; x_wconf 89' lang='lat' dir='ltr'><strong>pati</strong></span> <span class='ocrx_word' id='word_1_73' title='bbox 295 1037 429 1118; x_wconf 86' lang='lat' dir='ltr'><strong>possim!</strong></span> <span class='ocrx_word' id='word_1_74' title='bbox 452 1037 514 1101; x_wconf 92' lang='lat' dir='ltr'><strong>hae</strong></span> <span class='ocrx_word' id='word_1_75' title='bbox 536 1060 649 1103; x_wconf 89' lang='lat' dir='ltr'><strong>manus</strong></span> <span class='ocrx_word' id='word_1_76' title='bbox 672 1039 822 1104; x_wconf 85' lang='lat' dir='ltr'><strong>suffecere</strong></span> <span class='ocrx_word' id='word_1_77' title='bbox 845 1039 1000 1104; x_wconf 89' lang='lat' dir='ltr'><strong>desiderio</strong></span> <span class='ocrx_word' id='word_1_78' title='bbox 1018 1061 1105 1105; x_wconf 90' lang='lat' dir='ltr'><strong>meo:</strong></span> <span class='ocrx_word' id='word_1_79' title='bbox 1130 1042 1223 1106; x_wconf 86' lang='lat' dir='ltr'><strong>nihil</strong></span> 
     </span>
     <span class='ocr_line' id='line_1_12' title="bbox 153 1123 1223 1211; baseline 0.003 -21"><span class='ocrx_word' id='word_1_80' title='bbox 153 1143 186 1192; x_wconf 79' lang='lat' dir='ltr'><strong>ao</strong></span> <span class='ocrx_word' id='word_1_81' title='bbox 204 1123 337 1188; x_wconf 84' lang='lat' dir='ltr'><strong>habenti</strong></span> <span class='ocrx_word' id='word_1_82' title='bbox 368 1124 450 1189; x_wconf 92' lang='lat' dir='ltr'><strong>nihil</strong></span> <span class='ocrx_word' id='word_1_83' title='bbox 480 1124 606 1190; x_wconf 87' lang='lat' dir='ltr'><strong>defuit&#39;</strong></span> <span class='ocrx_word' id='word_1_84' title='bbox 659 1126 797 1211; x_wconf 88' lang='lat' dir='ltr'><strong>Magnae</strong></span> <span class='ocrx_word' id='word_1_85' title='bbox 832 1127 951 1192; x_wconf 86' lang='lat' dir='ltr'><strong>indolis</strong></span> <span class='ocrx_word' id='word_1_86' title='bbox 983 1128 1148 1210; x_wconf 86' lang='lat' dir='ltr'><strong>specimen</strong></span> <span class='ocrx_word' id='word_1_87' title='bbox 1180 1151 1223 1194; x_wconf 85' lang='lat' dir='ltr'><strong>ex</strong></span> 
     </span>
     <span class='ocr_line' id='line_1_13' title="bbox 204 1211 1221 1300; baseline 0.007 -26"><span class='ocrx_word' id='word_1_88' title='bbox 204 1211 267 1275; x_wconf 88' lang='lat' dir='ltr'><strong>hoc</strong></span> <span class='ocrx_word' id='word_1_89' title='bbox 290 1233 434 1277; x_wconf 91' lang='lat' dir='ltr'><strong>sermone</strong></span> <span class='ocrx_word' id='word_1_90' title='bbox 457 1214 676 1297; x_wconf 79' lang='lat' dir='ltr'><strong>Abdalonymi</strong></span> <span class='ocrx_word' id='word_1_91' title='bbox 703 1214 793 1300; x_wconf 89' lang='lat' dir='ltr'><strong>cepit.</strong></span> <span class='ocrx_word' id='word_1_92' title='bbox 828 1213 941 1299; x_wconf 88' lang='lat' dir='ltr'><strong>Itaque</strong></span> <span class='ocrx_word' id='word_1_93' title='bbox 968 1235 1036 1280; x_wconf 89' lang='lat' dir='ltr'><strong>non</strong></span> <span class='ocrx_word' id='word_1_94' title='bbox 1049 1214 1221 1282; x_wconf 78' lang='lat' dir='ltr'><strong>Stratonis</strong></span> 
     </span>
     <span class='ocr_line' id='line_1_14' title="bbox 205 1299 1220 1388; baseline 0.006 -26"><span class='ocrx_word' id='word_1_95' title='bbox 205 1299 300 1364; x_wconf 90' lang='lat' dir='ltr'><strong>modo</strong></span> <span class='ocrx_word' id='word_1_96' title='bbox 327 1301 450 1385; x_wconf 85' lang='lat' dir='ltr'><strong>regiam</strong></span> <span class='ocrx_word' id='word_1_97' title='bbox 472 1302 699 1384; x_wconf 82' lang='lat' dir='ltr'><strong>supellectilem</strong></span> <span class='ocrx_word' id='word_1_98' title='bbox 723 1303 855 1366; x_wconf 85' lang='lat' dir='ltr'><strong>attribui</strong></span> <span class='ocrx_word' id='word_1_99' title='bbox 877 1304 907 1366; x_wconf 89' lang='lat' dir='ltr'><strong>ei</strong></span> <span class='ocrx_word' id='word_1_100' title='bbox 928 1303 1034 1387; x_wconf 88' lang='lat' dir='ltr'><strong>iussit,</strong></span> <span class='ocrx_word' id='word_1_101' title='bbox 1064 1304 1120 1368; x_wconf 91' lang='lat' dir='ltr'><strong>sed</strong></span> <span class='ocrx_word' id='word_1_102' title='bbox 1145 1306 1220 1388; x_wconf 88' lang='lat' dir='ltr'><strong>ple-</strong></span> 
     </span>
     <span class='ocr_line' id='line_1_15' title="bbox 205 1388 1221 1476; baseline 0.006 -26"><span class='ocrx_word' id='word_1_103' title='bbox 205 1409 303 1472; x_wconf 90' lang='lat' dir='ltr'><strong>raque</strong></span> <span class='ocrx_word' id='word_1_104' title='bbox 327 1391 423 1453; x_wconf 87' lang='lat' dir='ltr'><strong>etiam</strong></span> <span class='ocrx_word' id='word_1_105' title='bbox 446 1413 485 1454; x_wconf 86' lang='lat' dir='ltr'><strong>ex</strong></span> <span class='ocrx_word' id='word_1_106' title='bbox 502 1388 629 1453; x_wconf 82' lang='lat' dir='ltr'><strong>Persica</strong></span> <span class='ocrx_word' id='word_1_107' title='bbox 651 1390 778 1474; x_wconf 88' lang='lat' dir='ltr'><strong>praeda,</strong></span> <span class='ocrx_word' id='word_1_108' title='bbox 800 1391 964 1476; x_wconf 85' lang='lat' dir='ltr'><strong>regionem</strong></span> <span class='ocrx_word' id='word_1_109' title='bbox 987 1412 1112 1476; x_wconf 89' lang='lat' dir='ltr'><strong>quoque</strong></span> <span class='ocrx_word' id='word_1_110' title='bbox 1138 1393 1221 1458; x_wconf 87' lang='lat' dir='ltr'><strong>urbi</strong></span> 
     </span>
     <span class='ocr_line' id='line_1_16' title="bbox 204 1475 762 1560; baseline 0.007 -21"><span class='ocrx_word' id='word_1_111' title='bbox 204 1475 385 1560; x_wconf 83' lang='lat' dir='ltr'><strong>adpositam</strong></span> <span class='ocrx_word' id='word_1_112' title='bbox 408 1476 526 1542; x_wconf 91' lang='lat' dir='ltr'><strong>dicioni</strong></span> <span class='ocrx_word' id='word_1_113' title='bbox 548 1477 615 1540; x_wconf 89' lang='lat' dir='ltr'><strong>eius</strong></span> <span class='ocrx_word' id='word_1_114' title='bbox 638 1477 762 1544; x_wconf 84' lang='lat' dir='ltr'><strong>adiecit</strong></span> 
     </span>
     <span class='ocr_line' id='line_1_17' title="bbox 153 1564 1249 1649; baseline 0 -16"><span class='ocrx_word' id='word_1_115' title='bbox 153 1584 186 1633; x_wconf 75' lang='lat'><strong>2⁷</strong></span> <span class='ocrx_word' id='word_1_116' title='bbox 291 1564 419 1630; x_wconf 86' lang='lat' dir='ltr'><strong>Interea</strong></span> <span class='ocrx_word' id='word_1_117' title='bbox 441 1566 614 1647; x_wconf 84' lang='lat' dir='ltr'><strong>Amyntas,</strong></span> <span class='ocrx_word' id='word_1_118' title='bbox 646 1587 739 1649; x_wconf 90' lang='lat' dir='ltr'><strong>quem</strong></span> <span class='ocrx_word' id='word_1_119' title='bbox 762 1566 802 1630; x_wconf 89' lang='lat' dir='ltr'><strong>ad</strong></span> <span class='ocrx_word' id='word_1_120' title='bbox 824 1565 939 1630; x_wconf 88' lang='lat' dir='ltr'><strong>Persas</strong></span> <span class='ocrx_word' id='word_1_121' title='bbox 962 1567 1004 1630; x_wconf 88' lang='lat' dir='ltr'><strong>ab</strong></span> <span class='ocrx_word' id='word_1_122' title='bbox 1025 1565 1249 1632; x_wconf 80' lang='lat' dir='ltr'><strong>Alexandrob</strong></span> 
     </span>
     <span class='ocr_line' id='line_1_18' title="bbox 204 1653 1217 1738; baseline 0.004 -22"><span class='ocrx_word' id='word_1_123' title='bbox 204 1654 417 1738; x_wconf 86' lang='lat' dir='ltr'><strong>transfugisse</strong></span> <span class='ocrx_word' id='word_1_124' title='bbox 440 1653 586 1736; x_wconf 88' lang='lat' dir='ltr'><strong>diximus,</strong></span> <span class='ocrx_word' id='word_1_125' title='bbox 607 1673 679 1718; x_wconf 90' lang='lat' dir='ltr'><strong>cum</strong></span> <span class='ocrx_word' id='word_1_126' title='bbox 702 1657 854 1736; x_wconf 88' lang='lat' dir='ltr'><strong>quattuor</strong></span> <span class='ocrx_word' id='word_1_127' title='bbox 873 1655 1002 1719; x_wconf 87' lang='lat' dir='ltr'><strong>milibus</strong></span> <span class='ocrx_word' id='word_1_128' title='bbox 1015 1653 1217 1720; x_wconf 80' lang='lat' dir='ltr'><strong>Graecorum</strong></span> 
     </span>
     <span class='ocr_line' id='line_1_19' title="bbox 204 1740 1217 1825; baseline 0.004 -21"><span class='ocrx_word' id='word_1_129' title='bbox 204 1741 310 1824; x_wconf 92' lang='lat' dir='ltr'><strong>ipsum</strong></span> <span class='ocrx_word' id='word_1_130' title='bbox 334 1763 372 1806; x_wconf 86' lang='lat' dir='ltr'><strong>ex</strong></span> <span class='ocrx_word' id='word_1_131' title='bbox 395 1741 462 1805; x_wconf 90' lang='lat' dir='ltr'><strong>acie</strong></span> <span class='ocrx_word' id='word_1_132' title='bbox 484 1741 658 1824; x_wconf 90' lang='lat' dir='ltr'><strong>persecutis</strong></span> <span class='ocrx_word' id='word_1_133' title='bbox 681 1741 760 1824; x_wconf 84' lang='lat' dir='ltr'><strong>fuga</strong></span> <span class='ocrx_word' id='word_1_134' title='bbox 774 1740 921 1824; x_wconf 84' lang='lat' dir='ltr'><strong>Tripolin</strong></span> <span class='ocrx_word' id='word_1_135' title='bbox 942 1742 1095 1825; x_wconf 81' lang='lat' dir='ltr'><strong>pervenit</strong></span> <span class='ocrx_word' id='word_1_136' title='bbox 1129 1742 1217 1808; x_wconf 91' lang='lat' dir='ltr'><strong>Inde</strong></span> 
     </span>
     <span class='ocr_line' id='line_1_20' title="bbox 204 1828 1216 1914; baseline 0.003 -22"><span class='ocrx_word' id='word_1_137' title='bbox 204 1828 240 1893; x_wconf 91' lang='lat' dir='ltr'><strong>in</strong></span> <span class='ocrx_word' id='word_1_138' title='bbox 260 1851 358 1895; x_wconf 86' lang='lat' dir='ltr'><strong>naves</strong></span> <span class='ocrx_word' id='word_1_139' title='bbox 377 1830 531 1894; x_wconf 89' lang='lat' dir='ltr'><strong>militibus</strong></span> <span class='ocrx_word' id='word_1_140' title='bbox 554 1829 703 1914; x_wconf 90' lang='lat' dir='ltr'><strong>inpositis</strong></span> <span class='ocrx_word' id='word_1_141' title='bbox 717 1829 860 1912; x_wconf 82' lang='lat' dir='ltr'><strong>Cyprum</strong></span> <span class='ocrx_word' id='word_1_142' title='bbox 876 1830 1056 1895; x_wconf 89' lang='lat' dir='ltr'><strong>transmisit</strong></span> <span class='ocrx_word' id='word_1_143' title='bbox 1074 1833 1114 1914; x_wconf 91' lang='lat' dir='ltr'><strong>et,</strong></span> <span class='ocrx_word' id='word_1_144' title='bbox 1137 1853 1216 1895; x_wconf 87' lang='lat' dir='ltr'><strong>cum</strong></span> 
     </span>
     <span class='ocr_line' id='line_1_21' title="bbox 205 1917 1216 2003; baseline 0.005 -25"><span class='ocrx_word' id='word_1_145' title='bbox 205 1917 240 1979; x_wconf 92' lang='lat' dir='ltr'><strong>in</strong></span> <span class='ocrx_word' id='word_1_146' title='bbox 275 1917 330 1981; x_wconf 93' lang='lat' dir='ltr'><strong>illo</strong></span> <span class='ocrx_word' id='word_1_147' title='bbox 369 1921 455 1982; x_wconf 87' lang='lat' dir='ltr'><strong>statu</strong></span> <span class='ocrx_word' id='word_1_148' title='bbox 489 1939 595 1981; x_wconf 90' lang='lat' dir='ltr'><strong>rerum</strong></span> <span class='ocrx_word' id='word_1_149' title='bbox 627 1918 660 1982; x_wconf 93' lang='lat' dir='ltr'><strong>id</strong></span> <span class='ocrx_word' id='word_1_150' title='bbox 696 1939 868 2001; x_wconf 89' lang='lat' dir='ltr'><strong>quemque,</strong></span> <span class='ocrx_word' id='word_1_151' title='bbox 897 1918 982 2001; x_wconf 92' lang='lat' dir='ltr'><strong>quod</strong></span> <span class='ocrx_word' id='word_1_152' title='bbox 1013 1923 1216 2003; x_wconf 83' lang='lat' dir='ltr'><strong>occupasset,</strong></span> 
     </span>
     <span class='ocr_line' id='line_1_22' title="bbox 204 2002 1215 2091; baseline 0.003 -26"><span class='ocrx_word' id='word_1_153' title='bbox 204 2002 389 2067; x_wconf 88' lang='lat' dir='ltr'><strong>habiturum</strong></span> <span class='ocrx_word' id='word_1_154' title='bbox 425 2006 632 2070; x_wconf 86' lang='lat' dir='ltr'><strong>arbitraretur</strong></span> <span class='ocrx_word' id='word_1_155' title='bbox 667 2007 755 2069; x_wconf 85' lang='lat' dir='ltr'><strong>velut</strong></span> <span class='ocrx_word' id='word_1_156' title='bbox 790 2008 875 2069; x_wconf 87' lang='lat' dir='ltr'><strong>certo</strong></span> <span class='ocrx_word' id='word_1_157' title='bbox 911 2005 980 2069; x_wconf 92' lang='lat' dir='ltr'><strong>iure</strong></span> <span class='ocrx_word' id='word_1_158' title='bbox 1015 2027 1215 2091; x_wconf 85' lang='lat' dir='ltr'><strong>possessum,</strong></span> 
     </span>
     <span class='ocr_line' id='line_1_23' title="bbox 205 2089 1216 2177; baseline 0.005 -24"><span class='ocrx_word' id='word_1_159' title='bbox 205 2089 393 2174; x_wconf 90' lang='lat' dir='ltr'><strong>Aegyptum</strong></span> <span class='ocrx_word' id='word_1_160' title='bbox 431 2096 539 2176; x_wconf 90' lang='lat' dir='ltr'><strong>petere</strong></span> <span class='ocrx_word' id='word_1_161' title='bbox 578 2093 730 2175; x_wconf 84' lang='lat' dir='ltr'><strong>decrevit,</strong></span> <span class='ocrx_word' id='word_1_162' title='bbox 773 2093 900 2176; x_wconf 91' lang='lat' dir='ltr'><strong>utrique</strong></span> <span class='ocrx_word' id='word_1_163' title='bbox 934 2093 1004 2177; x_wconf 88' lang='lat' dir='ltr'><strong>regi</strong></span> <span class='ocrx_word' id='word_1_164' title='bbox 1038 2092 1140 2158; x_wconf 88' lang='lat' dir='ltr'><strong>hostis</strong></span> <span class='ocrx_word' id='word_1_165' title='bbox 1181 2099 1216 2158; x_wconf 88' lang='lat' dir='ltr'><strong>et</strong></span> 
     </span>
     <span class='ocr_line' id='line_1_24' title="bbox 154 2179 1215 2264; baseline -0.002 -17"><span class='ocrx_word' id='word_1_166' title='bbox 154 2198 187 2247; x_wconf 83' lang='lat'><strong>28</strong></span> <span class='ocrx_word' id='word_1_167' title='bbox 207 2198 334 2261; x_wconf 91' lang='lat' dir='ltr'><strong>semper</strong></span> <span class='ocrx_word' id='word_1_168' title='bbox 356 2201 393 2243; x_wconf 86' lang='lat' dir='ltr'><strong>ex</strong></span> <span class='ocrx_word' id='word_1_169' title='bbox 412 2180 544 2263; x_wconf 89' lang='lat' dir='ltr'><strong>ancipiti</strong></span> <span class='ocrx_word' id='word_1_170' title='bbox 561 2180 736 2244; x_wconf 90' lang='lat' dir='ltr'><strong>mutatione</strong></span> <span class='ocrx_word' id='word_1_171' title='bbox 754 2183 933 2263; x_wconf 88' lang='lat' dir='ltr'><strong>temporum</strong></span> <span class='ocrx_word' id='word_1_172' title='bbox 946 2181 1098 2264; x_wconf 90' lang='lat' dir='ltr'><strong>pendens.</strong></span> <span class='ocrx_word' id='word_1_173' title='bbox 1126 2179 1215 2246; x_wconf 87' lang='lat' dir='ltr'><strong>Hor·</strong></span> 
     </span>
     <span class='ocr_line' id='line_1_25' title="bbox 206 2267 1214 2353; baseline 0.003 -23"><span class='ocrx_word' id='word_1_174' title='bbox 206 2269 356 2350; x_wconf 89' lang='lat' dir='ltr'><strong>tatusque</strong></span> <span class='ocrx_word' id='word_1_175' title='bbox 383 2267 501 2331; x_wconf 90' lang='lat' dir='ltr'><strong>milites</strong></span> <span class='ocrx_word' id='word_1_176' title='bbox 531 2268 571 2332; x_wconf 89' lang='lat' dir='ltr'><strong>ad</strong></span> <span class='ocrx_word' id='word_1_177' title='bbox 602 2290 691 2350; x_wconf 91' lang='lat' dir='ltr'><strong>spem</strong></span> <span class='ocrx_word' id='word_1_178' title='bbox 722 2271 831 2332; x_wconf 89' lang='lat' dir='ltr'><strong>tantae</strong></span> <span class='ocrx_word' id='word_1_179' title='bbox 862 2269 909 2333; x_wconf 91' lang='lat' dir='ltr'><strong>rei</strong></span> <span class='ocrx_word' id='word_1_180' title='bbox 940 2269 1032 2333; x_wconf 86' lang='lat' dir='ltr'><strong>docet</strong></span> <span class='ocrx_word' id='word_1_181' title='bbox 1057 2267 1214 2353; x_wconf 83' lang='lat' dir='ltr'><strong>Sabacen,</strong></span> 
     </span>
     <span class='ocr_line' id='line_1_26' title="bbox 206 2355 1213 2441; baseline 0.004 -24"><span class='ocrx_word' id='word_1_182' title='bbox 206 2358 386 2439; x_wconf 89' lang='lat' dir='ltr'><strong>praetorem</strong></span> <span class='ocrx_word' id='word_1_183' title='bbox 408 2356 563 2441; x_wconf 82' lang='lat' dir='ltr'><strong>Aegypti,</strong></span> <span class='ocrx_word' id='word_1_184' title='bbox 585 2356 734 2421; x_wconf 85' lang='lat' dir='ltr'><strong>cecidisse</strong></span> <span class='ocrx_word' id='word_1_185' title='bbox 760 2357 796 2421; x_wconf 89' lang='lat' dir='ltr'><strong>in</strong></span> <span class='ocrx_word' id='word_1_186' title='bbox 818 2356 900 2420; x_wconf 87' lang='lat' dir='ltr'><strong>acie:</strong></span> <span class='ocrx_word' id='word_1_187' title='bbox 928 2355 1097 2420; x_wconf 87' lang='lat' dir='ltr'><strong>Persarum</strong></span> <span class='ocrx_word' id='word_1_188' title='bbox 1119 2378 1213 2438; x_wconf 89' lang='lat' dir='ltr'><strong>prae·</strong></span> 
     </span>
     <span class='ocr_line' id='line_1_27' title="bbox 207 2443 1213 2529; baseline 0.004 -23"><span class='ocrx_word' id='word_1_189' title='bbox 207 2443 323 2507; x_wconf 89' lang='lat' dir='ltr'><strong>sidium</strong></span> <span class='ocrx_word' id='word_1_190' title='bbox 359 2447 391 2508; x_wconf 92' lang='lat' dir='ltr'><strong>et</strong></span> <span class='ocrx_word' id='word_1_191' title='bbox 427 2445 494 2509; x_wconf 90' lang='lat' dir='ltr'><strong>sine</strong></span> <span class='ocrx_word' id='word_1_192' title='bbox 530 2444 608 2508; x_wconf 91' lang='lat' dir='ltr'><strong>duce</strong></span> <span class='ocrx_word' id='word_1_193' title='bbox 642 2464 712 2509; x_wconf 89' lang='lat' dir='ltr'><strong>esse</strong></span> <span class='ocrx_word' id='word_1_194' title='bbox 744 2447 776 2508; x_wconf 91' lang='lat' dir='ltr'><strong>et</strong></span> <span class='ocrx_word' id='word_1_195' title='bbox 805 2444 993 2528; x_wconf 87' lang='lat' dir='ltr'><strong>invalidum,</strong></span> <span class='ocrx_word' id='word_1_196' title='bbox 1027 2444 1213 2529; x_wconf 82' lang='lat' dir='ltr'><strong>Aegyptios</strong></span> 
     </span>
     <span class='ocr_line' id='line_1_28' title="bbox 207 2531 1214 2617; baseline 0.003 -22"><span class='ocrx_word' id='word_1_197' title='bbox 207 2553 331 2616; x_wconf 89' lang='lat' dir='ltr'><strong>semper</strong></span> <span class='ocrx_word' id='word_1_198' title='bbox 361 2532 561 2616; x_wconf 88' lang='lat' dir='ltr'><strong>praetoribus</strong></span> <span class='ocrx_word' id='word_1_199' title='bbox 595 2553 704 2596; x_wconf 90' lang='lat' dir='ltr'><strong>eorum</strong></span> <span class='ocrx_word' id='word_1_200' title='bbox 735 2531 870 2598; x_wconf 83' lang='lat' dir='ltr'><strong>infestos</strong></span> <span class='ocrx_word' id='word_1_201' title='bbox 901 2553 958 2614; x_wconf 88' lang='lat' dir='ltr'><strong>pro</strong></span> <span class='ocrx_word' id='word_1_202' title='bbox 989 2531 1084 2596; x_wconf 87' lang='lat' dir='ltr'><strong>sociis</strong></span> <span class='ocrx_word' id='word_1_203' title='bbox 1113 2532 1214 2617; x_wconf 87' lang='lat' dir='ltr'><strong>ipsos,</strong></span> 
     </span>
     <span class='ocr_line' id='line_1_29' title="bbox 155 2619 1214 2704; baseline -0.003 -17"><span class='ocrx_word' id='word_1_204' title='bbox 155 2639 187 2687; x_wconf 77' lang='lat'><strong>29</strong></span> <span class='ocrx_word' id='word_1_205' title='bbox 207 2641 273 2683; x_wconf 90' lang='lat' dir='ltr'><strong>non</strong></span> <span class='ocrx_word' id='word_1_206' title='bbox 300 2642 358 2704; x_wconf 93' lang='lat' dir='ltr'><strong>pro</strong></span> <span class='ocrx_word' id='word_1_207' title='bbox 384 2620 532 2685; x_wconf 89' lang='lat' dir='ltr'><strong>hostibus</strong></span> <span class='ocrx_word' id='word_1_208' title='bbox 555 2621 786 2684; x_wconf 89' lang='lat' dir='ltr'><strong>aestimaturos.</strong></span> <span class='ocrx_word' id='word_1_209' title='bbox 818 2619 934 2684; x_wconf 89' lang='lat' dir='ltr'><strong>Omnia</strong></span> <span class='ocrx_word' id='word_1_210' title='bbox 951 2619 1086 2703; x_wconf 85' lang='lat' dir='ltr'><strong>experiri</strong></span> <span class='ocrx_word' id='word_1_211' title='bbox 1102 2641 1214 2684; x_wconf 88' lang='lat' dir='ltr'><strong>neces-</strong></span> 
     </span>
     <span class='ocr_line' id='line_1_30' title="bbox 207 2707 1268 2826; baseline 0.002 -56"><span class='ocrx_word' id='word_1_212' title='bbox 207 2707 285 2771; x_wconf 89' lang='lat' dir='ltr'><strong>sitas</strong></span> <span class='ocrx_word' id='word_1_213' title='bbox 313 2709 461 2792; x_wconf 87' lang='lat' dir='ltr'><strong>cogebat:</strong></span> <span class='ocrx_word' id='word_1_214' title='bbox 494 2708 609 2792; x_wconf 90' lang='lat' dir='ltr'><strong>quippe</strong></span> <span class='ocrx_word' id='word_1_215' title='bbox 632 2730 703 2772; x_wconf 91' lang='lat' dir='ltr'><strong>oum</strong></span> <span class='ocrx_word' id='word_1_216' title='bbox 726 2708 845 2791; x_wconf 88' lang='lat' dir='ltr'><strong>primas</strong></span> <span class='ocrx_word' id='word_1_217' title='bbox 868 2729 941 2790; x_wconf 89' lang='lat' dir='ltr'><strong>spes</strong></span> <span class='ocrx_word' id='word_1_218' title='bbox 962 2707 1093 2772; x_wconf 85' lang='lat' dir='ltr'><strong>fortuna</strong></span> <span class='ocrx_word' id='word_1_219' title='bbox 1115 2708 1213 2772; x_wconf 89' lang='lat' dir='ltr'><strong>desti·</strong></span> <span class='ocrx_word' id='word_1_220' title='bbox 1267 2743 1268 2826; x_wconf 76' lang='lat'><strong>,</strong></span> 
     </span>
     <span class='ocr_line' id='line_1_31' title="bbox 206 2793 1268 2880; baseline 0.004 -24"><span class='ocrx_word' id='word_1_221' title='bbox 206 2795 282 2878; x_wconf 90' lang='lat' dir='ltr'><strong>tuit,</strong></span> <span class='ocrx_word' id='word_1_222' title='bbox 304 2795 413 2860; x_wconf 85' lang='lat' dir='ltr'><strong>futura</strong></span> <span class='ocrx_word' id='word_1_223' title='bbox 433 2797 653 2880; x_wconf 88' lang='lat' dir='ltr'><strong>praesentibus</strong></span> <span class='ocrx_word' id='word_1_224' title='bbox 675 2796 824 2860; x_wconf 87' lang='lat' dir='ltr'><strong>videntur</strong></span> <span class='ocrx_word' id='word_1_225' title='bbox 846 2817 915 2860; x_wconf 87' lang='lat' dir='ltr'><strong>esse</strong></span> <span class='ocrx_word' id='word_1_226' title='bbox 936 2795 1073 2878; x_wconf 87' lang='lat' dir='ltr'><strong>potiora.</strong></span> <span class='ocrx_word' id='word_1_227' title='bbox 1107 2793 1214 2880; x_wconf 88' lang='lat' dir='ltr'><strong>Igitur</strong></span> <span class='ocrx_word' id='word_1_228' title='bbox 1267 2831 1268 2870; x_wconf 57' lang='lat'>1</span> 
     </span>
     <span class='ocr_line' id='line_1_32' title="bbox 207 2873 1268 2970; baseline 0 -24"><span class='ocrx_word' id='word_1_229' title='bbox 207 2883 422 2967; x_wconf 87' lang='lat' dir='ltr'><strong>conclamant,</strong></span> <span class='ocrx_word' id='word_1_230' title='bbox 450 2885 591 2968; x_wconf 89' lang='lat' dir='ltr'><strong>duceret,</strong></span> <span class='ocrx_word' id='word_1_231' title='bbox 618 2906 681 2970; x_wconf 93' lang='lat' dir='ltr'><strong>quo</strong></span> <span class='ocrx_word' id='word_1_232' title='bbox 704 2884 871 2948; x_wconf 83' lang='lat' dir='ltr'><strong>videretur.</strong></span> <span class='ocrx_word' id='word_1_233' title='bbox 915 2882 1022 2966; x_wconf 88' lang='lat' dir='ltr'><strong>Atque</strong></span> <span class='ocrx_word' id='word_1_234' title='bbox 1043 2884 1097 2947; x_wconf 87' lang='lat' dir='ltr'><strong>ille</strong></span> <span class='ocrx_word' id='word_1_235' title='bbox 1120 2887 1212 2947; x_wconf 85' lang='lat' dir='ltr'><strong>uten-</strong></span> <span class='ocrx_word' id='word_1_236' title='bbox 1267 2873 1268 2940; x_wconf 80' lang='lat' dir='ltr'><strong>l</strong></span> 
     </span>
     <span class='ocr_line' id='line_1_33' title="bbox 207 2969 1213 3056; baseline 0.001 -22"><span class='ocrx_word' id='word_1_237' title='bbox 207 2970 283 3034; x_wconf 91' lang='lat' dir='ltr'><strong>dum</strong></span> <span class='ocrx_word' id='word_1_238' title='bbox 319 2971 447 3054; x_wconf 88' lang='lat' dir='ltr'><strong>animis,</strong></span> <span class='ocrx_word' id='word_1_239' title='bbox 488 2972 562 3036; x_wconf 90' lang='lat' dir='ltr'><strong>dum</strong></span> <span class='ocrx_word' id='word_1_240' title='bbox 599 2993 655 3055; x_wconf 89' lang='lat' dir='ltr'><strong>spe</strong></span> <span class='ocrx_word' id='word_1_241' title='bbox 692 2973 845 3054; x_wconf 89' lang='lat' dir='ltr'><strong>calerent,</strong></span> <span class='ocrx_word' id='word_1_242' title='bbox 881 2975 984 3056; x_wconf 89' lang='lat' dir='ltr'><strong>ratus,</strong></span> <span class='ocrx_word' id='word_1_243' title='bbox 1020 2970 1060 3035; x_wconf 89' lang='lat' dir='ltr'><strong>ad</strong></span> <span class='ocrx_word' id='word_1_244' title='bbox 1090 2969 1213 3035; x_wconf 88' lang='lat' dir='ltr'><strong>Pelusii</strong></span> 
     </span>
     <span class='ocr_line' id='line_1_34' title="bbox 208 3057 1211 3142; baseline 0 -20"><span class='ocrx_word' id='word_1_245' title='bbox 208 3059 326 3123; x_wconf 87' lang='lat' dir='ltr'><strong>ostium</strong></span> <span class='ocrx_word' id='word_1_246' title='bbox 355 3063 514 3142; x_wconf 90' lang='lat' dir='ltr'><strong>penetrat,</strong></span> <span class='ocrx_word' id='word_1_247' title='bbox 546 3060 699 3124; x_wconf 89' lang='lat' dir='ltr'><strong>simulans</strong></span> <span class='ocrx_word' id='word_1_248' title='bbox 727 3081 746 3123; x_wconf 90' lang='lat' dir='ltr'><strong>a</strong></span> <span class='ocrx_word' id='word_1_249' title='bbox 768 3057 874 3123; x_wconf 89' lang='lat' dir='ltr'><strong>Dareo</strong></span> <span class='ocrx_word' id='word_1_250' title='bbox 901 3081 935 3122; x_wconf 94' lang='lat' dir='ltr'><strong>se</strong></span> <span class='ocrx_word' id='word_1_251' title='bbox 962 3079 1031 3123; x_wconf 88' lang='lat' dir='ltr'><strong>esse</strong></span> <span class='ocrx_word' id='word_1_252' title='bbox 1057 3059 1211 3142; x_wconf 88' lang='lat' dir='ltr'><strong>praemis-</strong></span> 
     </span>
     <span class='ocr_line' id='line_1_35' title="bbox 155 3145 1268 3244; baseline 0.001 -35"><span class='ocrx_word' id='word_1_253' title='bbox 155 3167 287 3216; x_wconf 80' lang='lat' dir='ltr'><strong>acaum.</strong></span> <span class='ocrx_word' id='word_1_254' title='bbox 321 3145 448 3211; x_wconf 88' lang='lat' dir='ltr'><strong>Potitus</strong></span> <span class='ocrx_word' id='word_1_255' title='bbox 471 3168 547 3232; x_wconf 87' lang='lat' dir='ltr'><strong>ergo</strong></span> <span class='ocrx_word' id='word_1_256' title='bbox 569 3147 686 3212; x_wconf 88' lang='lat' dir='ltr'><strong>Pelusii</strong></span> <span class='ocrx_word' id='word_1_257' title='bbox 709 3146 886 3231; x_wconf 88' lang='lat' dir='ltr'><strong>Memphim</strong></span> <span class='ocrx_word' id='word_1_258' title='bbox 908 3146 1015 3230; x_wconf 87' lang='lat' dir='ltr'><strong>copias</strong></span> <span class='ocrx_word' id='word_1_259' title='bbox 1037 3148 1211 3230; x_wconf 81' lang='lat' dir='ltr'><strong>promovit:</strong></span> <span class='ocrx_word' id='word_1_260' title='bbox 1267 3165 1268 3244; x_wconf 66' lang='lat' dir='ltr'><strong>y</strong></span> 
     </span>
     <span class='ocr_line' id='line_1_36' title="bbox 207 3234 1268 3342; baseline 0 -44"><span class='ocrx_word' id='word_1_261' title='bbox 207 3234 249 3298; x_wconf 87' lang='lat' dir='ltr'><strong>ad</strong></span> <span class='ocrx_word' id='word_1_262' title='bbox 272 3235 360 3299; x_wconf 89' lang='lat' dir='ltr'><strong>cuius</strong></span> <span class='ocrx_word' id='word_1_263' title='bbox 383 3235 503 3299; x_wconf 89' lang='lat' dir='ltr'><strong>famam</strong></span> <span class='ocrx_word' id='word_1_264' title='bbox 517 3236 679 3320; x_wconf 90' lang='lat' dir='ltr'><strong>Aegyptii,</strong></span> <span class='ocrx_word' id='word_1_265' title='bbox 700 3257 785 3298; x_wconf 84' lang='lat' dir='ltr'><strong>vana</strong></span> <span class='ocrx_word' id='word_1_266' title='bbox 802 3255 881 3319; x_wconf 87' lang='lat' dir='ltr'><strong>gens</strong></span> <span class='ocrx_word' id='word_1_267' title='bbox 899 3237 932 3298; x_wconf 90' lang='lat' dir='ltr'><strong>et</strong></span> <span class='ocrx_word' id='word_1_268' title='bbox 944 3234 1100 3299; x_wconf 87' lang='lat' dir='ltr'><strong>novandis</strong></span> <span class='ocrx_word' id='word_1_269' title='bbox 1115 3257 1211 3318; x_wconf 87' lang='lat' dir='ltr'><strong>quam</strong></span> <span class='ocrx_word' id='word_1_270' title='bbox 1267 3273 1268 3342; x_wconf 79' lang='lat'><strong>,</strong></span> 
     </span>
     <span class='ocr_line' id='line_1_37' title="bbox 208 3322 1268 3407; baseline 0.001 -22"><span class='ocrx_word' id='word_1_271' title='bbox 208 3323 354 3406; x_wconf 89' lang='lat' dir='ltr'><strong>gerendis</strong></span> <span class='ocrx_word' id='word_1_272' title='bbox 378 3323 483 3406; x_wconf 90' lang='lat' dir='ltr'><strong>aptior</strong></span> <span class='ocrx_word' id='word_1_273' title='bbox 504 3325 608 3407; x_wconf 89' lang='lat' dir='ltr'><strong>rebus,</strong></span> <span class='ocrx_word' id='word_1_274' title='bbox 631 3345 670 3388; x_wconf 87' lang='lat' dir='ltr'><strong>ex</strong></span> <span class='ocrx_word' id='word_1_275' title='bbox 692 3323 757 3387; x_wconf 90' lang='lat' dir='ltr'><strong>suis</strong></span> <span class='ocrx_word' id='word_1_276' title='bbox 781 3322 897 3407; x_wconf 89' lang='lat' dir='ltr'><strong>quique</strong></span> <span class='ocrx_word' id='word_1_277' title='bbox 920 3322 998 3386; x_wconf 84' lang='lat' dir='ltr'><strong>vicis</strong></span> <span class='ocrx_word' id='word_1_278' title='bbox 1016 3323 1209 3406; x_wconf 89' lang='lat' dir='ltr'><strong>urbibusque</strong></span> <span class='ocrx_word' id='word_1_279' title='bbox 1267 3343 1268 3402; x_wconf 67' lang='lat' dir='ltr'><strong>y</strong></span> 
     </span>
     <span class='ocr_line' id='line_1_38' title="bbox 208 3409 1268 3504; baseline 0 -30"><span class='ocrx_word' id='word_1_280' title='bbox 208 3409 270 3474; x_wconf 92' lang='lat' dir='ltr'><strong>huc</strong></span> <span class='ocrx_word' id='word_1_281' title='bbox 286 3411 417 3494; x_wconf 90' lang='lat' dir='ltr'><strong>[ipsum]</strong></span> <span class='ocrx_word' id='word_1_282' title='bbox 438 3414 633 3476; x_wconf 84' lang='lat' dir='ltr'><strong>concurrunt</strong></span> <span class='ocrx_word' id='word_1_283' title='bbox 655 3411 695 3474; x_wconf 89' lang='lat' dir='ltr'><strong>ad</strong></span> <span class='ocrx_word' id='word_1_284' title='bbox 716 3411 849 3475; x_wconf 91' lang='lat' dir='ltr'><strong>delenda</strong></span> <span class='ocrx_word' id='word_1_285' title='bbox 861 3411 1019 3493; x_wconf 89' lang='lat' dir='ltr'><strong>praesidia</strong></span> <span class='ocrx_word' id='word_1_286' title='bbox 1032 3410 1211 3476; x_wconf 85' lang='lat' dir='ltr'><strong>Persarum.</strong></span> <span class='ocrx_word' id='word_1_287' title='bbox 1267 3451 1268 3504; x_wconf 76' lang='lat'><strong>,</strong></span> 
     </span>
     <span class='ocr_line' id='line_1_39' title="bbox 156 3497 1209 3583; baseline -0.003 -17"><span class='ocrx_word' id='word_1_288' title='bbox 156 3519 188 3568; x_wconf 79' lang='lat' dir='ltr'><strong>al</strong></span> <span class='ocrx_word' id='word_1_289' title='bbox 209 3497 271 3575; x_wconf 83' lang='lat' dir='ltr'><strong>Qui</strong></span> <span class='ocrx_word' id='word_1_290' title='bbox 292 3500 397 3562; x_wconf 64' lang='lat' dir='ltr'><strong>territi·</strong></span> <span class='ocrx_word' id='word_1_291' title='bbox 417 3503 526 3564; x_wconf 84' lang='lat' dir='ltr'><strong>tamen</strong></span> <span class='ocrx_word' id='word_1_292' title='bbox 549 3520 636 3583; x_wconf 90' lang='lat' dir='ltr'><strong>spem</strong></span> <span class='ocrx_word' id='word_1_293' title='bbox 660 3499 819 3564; x_wconf 86' lang='lat' dir='ltr'><strong>retinendi</strong></span> <span class='ocrx_word' id='word_1_294' title='bbox 837 3497 1022 3583; x_wconf 88' lang='lat' dir='ltr'><strong>Aegyptum</strong></span> <span class='ocrx_word' id='word_1_295' title='bbox 1044 3520 1111 3563; x_wconf 89' lang='lat' dir='ltr'><strong>non</strong></span> <span class='ocrx_word' id='word_1_296' title='bbox 1133 3499 1209 3563; x_wconf 92' lang='lat' dir='ltr'><strong>omi-</strong></span> 
     </span>
    </p>
   </div>
   <div class='ocr_carea' id='block_1_3' title="bbox 0 0 1280 4102">
    <p class='ocr_par' dir='ltr' id='par_1_3' title="bbox 0 0 1280 4102">
     <span class='ocr_line' id='line_1_40' title="bbox 0 0 1280 4102; baseline 0 0"><span class='ocrx_word' id='word_1_297' title='bbox 0 0 1280 4102; x_wconf 95' lang='lat' dir='ltr'><strong> </strong></span> 
     </span>
    </p>
   </div>
   <div class='ocr_carea' id='block_1_4' title="bbox 1265 4005 1268 4088">
    <p class='ocr_par' dir='ltr' id='par_1_4' title="bbox 1265 4005 1268 4088">
     <span class='ocr_line' id='line_1_41' title="bbox 1265 4005 1268 4088; baseline 0 0"><span class='ocrx_word' id='word_1_298' title='bbox 1265 4005 1268 4088; x_wconf 75' lang='lat' dir='ltr'><strong>l</strong></span> 
     </span>
    </p>
   </div>
  </div>
 </body>
</html>
