2600 4096
308 187 559 243 HISTORIARUM
576 186 789 240 ALEXANDRI
808 187 867 256 VH,
886 195 911 242 6.
1045 187 1108 251 169

101 331 293 396 Alexander
320 329 528 416 Spitamenen
555 336 588 396 et
614 329 771 415 Catanen,
798 352 817 395 a
845 331 960 416 quibus
989 331 1018 395 ei
1044 334 1110 396 tra·

102 420 194 484 ditus
227 423 298 484 erat
329 419 461 502 Bessus,
496 419 581 484 haud
613 419 727 484 dubius
761 420 839 504 quin
870 440 981 483 eorum
1011 440 1111 501 opera

101 508 212 592 redigi
230 513 363 591 possent
380 508 416 572 in
433 510 628 590 potestatem
647 508 701 592 qui
719 507 917 573 novaverant
933 529 998 590 res,
1016 507 1111 571 iussit

103 597 239 660 accersi.
275 595 321 660 At
337 595 400 680 illi,
422 594 624 678 defectionis,
642 596 682 660 ad
702 617 798 681 quam
816 594 1021 661 coercendam
1041 615 1110 658 evo·
1130 614 1163 664 15

103 684 277 767 cabantur,
290 688 446 767 auctores,
459 685 670 768 vulgaverant
682 683 777 766 fama,
785 683 974 749 Bactrianos
989 684 1111 766 equites

103 794 124 836 a
143 791 223 856 rege
242 793 364 857 omnes,
381 776 418 835 ut
431 773 659 854 occiderentur,
673 771 793 836 accersi
810 771 905 856 idque
918 771 1112 854 imperatum

102 859 200 943 ipsis:
222 881 290 924 non
312 860 502 924 sustinuisse
524 863 633 924 tamen
655 861 780 944 exequi,
801 881 842 924 ne
864 859 1055 943 inexpiabile
1078 859 1112 923 in

102 949 282 1032 populares
308 945 432 1012 laciniis
456 948 671 1012 admitterent.
711 945 787 1012 Non
808 949 912 1032 magis
935 947 1113 1012 Alexandri

101 1037 293 1119 saevitiam,
312 1058 407 1120 quam
423 1035 514 1100 Bessi
536 1035 741 1120 parricidium
761 1035 844 1099 ferre
863 1037 1013 1118 potuisse.
1047 1034 1112 1100 Ita-

102 1146 169 1208 que
189 1146 249 1188 sna
266 1127 380 1207 sponte
394 1125 460 1188 iam
478 1128 583 1188 motos
597 1128 685 1188 metu
703 1145 823 1206 poenae
842 1123 927 1187 haud
941 1124 1114 1188 difficulter

51 1214 90 1279 27
102 1213 145 1276 ad
176 1234 269 1277 arma
295 1214 542 1278 concitaverunt
587 1210 769 1276 Alexander
798 1211 1037 1295 transfugarum
1061 1212 1113 1276 de·
1132 1233 1165 1282 ro

100 1299 246 1366 factione
270 1305 422 1384 conperta
444 1298 611 1366 Craterum
637 1299 780 1364 obsidere
804 1297 988 1382 Cyropolim
1015 1298 1112 1364 iubet.

100 1387 180 1472 Ipse
218 1388 315 1452 aliam
350 1388 461 1452 urbem
502 1388 642 1473 regionis
679 1387 820 1452 eiusdem
857 1408 975 1452 corona
1011 1389 1111 1470 capit:

103 1478 279 1560 signoque,
309 1480 347 1540 ut
372 1476 507 1560 puberes
535 1477 804 1559 interficerentur,
834 1476 911 1541 dato
938 1475 1052 1560 reliqui
1079 1475 1113 1539 in

102 1564 262 1650 praedam
289 1586 412 1629 cessere
438 1565 578 1629 victoris.
623 1563 706 1630 Urbs
734 1565 841 1629 diruta
868 1566 930 1647 est,
956 1566 993 1627 ut
1016 1563 1112 1627 ceteri

105 1652 208 1716 cladis
232 1653 300 1716 eius
324 1653 470 1736 exemplo
498 1652 746 1718 continerentur.
790 1652 980 1735 Memaceni,
1005 1650 1165 1720 validam

104 1761 204 1825 gens,
223 1739 421 1806 obsidionem
439 1761 503 1805 non
521 1744 559 1805 ut
576 1739 793 1805 honestiorem
812 1740 919 1822 modo,
942 1739 997 1803 sed
1016 1739 1113 1803 etiam
1162 1793 1163 1798 ,

104 1835 145 1892 ut
163 1829 317 1892 tutiorem
334 1828 417 1893 ferre
436 1829 648 1894 decreverant.
678 1828 731 1891 Ad
749 1849 884 1912 quorum
901 1828 1113 1912 pertinaciam

106 1916 323 2000 mitigandam
346 1939 402 1981 rex
425 1933 447 1980 n
471 1917 593 1999 equites
621 1916 800 2000 praemisit,
828 1915 884 1998 qui
912 1916 1112 1980 clementiam

108 2006 212 2088 ipsius
244 2005 279 2068 in
311 2004 435 2069 deditos
468 2004 626 2094 simulque
653 2004 884 2068 inexorabilem
911 2004 1053 2068 animum
1079 2004 1114 2068 in

109 2093 254 2158 devictos
277 2093 489 2158 ostenderent.
528 2092 582 2156 llli
599 2113 657 2157 nec
679 2091 718 2156 de
741 2093 803 2155 fide
825 2113 884 2156 nec
906 2092 945 2157 dc
968 2093 1113 2175 potentia
1133 2112 1165 2161 18

108 2182 195 2265 regis
230 2182 319 2263 ipsos
356 2180 503 2245 dubitare
539 2179 733 2264 respondent
764 2181 950 2265 equitesque
983 2181 1113 2246 tendere

3 2291 4 2348 j
110 2273 201 2334 extra
237 2271 438 2333 munimenta
473 2269 562 2332 urbis
595 2269 723 2333 iubent:
759 2269 965 2352 hospitaliter
1000 2269 1112 2334 deinde

3 2369 4 2400 f
112 2370 259 2440 exceptos
282 2377 457 2441 gravesque
480 2356 583 2440 epulis
607 2361 640 2421 ct
662 2379 774 2422 somno
803 2359 996 2440 intempesta
1017 2363 1112 2422 nocte

3 2445 4 2470 ³
112 2444 215 2510 adorti
251 2445 488 2510 interfecerunt.
542 2444 724 2510 Alexander
757 2445 844 2509 haud
876 2466 980 2526 secus,
1017 2465 1111 2527 quam
1133 2465 1165 2513 19

111 2555 171 2617 par
186 2537 266 2616 erat,
284 2538 390 2597 motus
408 2532 522 2598 urbem
540 2554 658 2598 corona
671 2531 880 2598 circumdedit
897 2531 1114 2615 munitiorem,

3 2685 4 2688 ,
113 2643 206 2706 quam
225 2626 261 2685 ut
279 2621 383 2705 primo
402 2621 525 2704 impetu
543 2623 614 2705 capi
632 2625 751 2704 posset.
782 2619 897 2702 Itaque
915 2618 1113 2705 Meleagrum

114 2713 145 2774 et
166 2709 350 2773 Perdiccam
373 2710 408 2774 in
430 2709 596 2774 obsidione
618 2708 779 2792 relinquit.
819 2707 891 2787 Ipse
906 2708 1113 2789 proficiscitur
1169 2750 1175 2766 χ

113 2799 154 2862 ud
174 2795 332 2863 &aarum
355 2794 554 2881 Cyropolim,
577 2801 615 2861 ut
638 2801 712 2860 ante
735 2795 856 2859 dictum
879 2798 942 2880 est,
964 2795 1112 2861 obsiden-

113 2891 186 2950 tem.
230 2883 396 2950 Statuerat
418 2890 525 2950 antem
547 2906 677 2968 parcere
705 2884 777 2948 urbi
801 2883 948 2948 conditae
972 2905 991 2947 a
1014 2881 1111 2967 Cyro:
1131 2903 1164 2952 20

115 2973 227 3058 quippe
254 2981 319 3038 non
346 2974 447 3038 alium
474 2975 619 3056 gentium
645 2973 775 3036 illarum
802 2972 907 3054 magis
936 2971 1112 3038 admiratus

115 3065 173 3145 cst,
195 3082 292 3146 quam
315 3062 400 3126 hunc
421 3082 531 3146 regem
554 3057 588 3124 et
606 3059 812 3142 Samiramin,
837 3081 917 3143 quos
937 3064 969 3124 et
991 3061 1113 3145 magni·

114 3149 220 3214 tudine
243 3149 344 3214 animi
367 3153 400 3213 et
422 3150 571 3214 claritate
598 3171 704 3213 rerum
732 3150 828 3231 longe
856 3148 1024 3213 emicuisse
1048 3170 1112 3213 cre·

116 3238 213 3302 debat.
272 3236 423 3302 Ceterum
454 3237 632 3320 pertinacia
662 3237 898 3321 oppidanorum
929 3237 1012 3302 iram
1044 3237 1111 3301 eius
1130 3257 1163 3305 21

116 3325 263 3391 accendit.
305 3324 418 3410 Itaque
442 3329 569 3408 captam
592 3326 705 3390 urbem
728 3324 824 3408 diripi
847 3323 951 3389 iussit.
996 3323 1112 3390 Deleta

117 3435 152 3479 ea
170 3413 362 3479 Memacenis
385 3413 470 3478 haud
492 3413 611 3478 iniuria
632 3413 768 3478 infestus
792 3413 831 3478 ed
854 3412 1055 3496 Meleagrum
1078 3417 1111 3477 et

115 3501 292 3566 Perdiccam
309 3501 399 3566 redit.
436 3500 498 3567 Sed
515 3522 581 3566 non
599 3502 665 3567 alia
682 3502 760 3566 urbs
778 3501 895 3566 fortius
910 3501 1110 3567 obsidionem
1129 3519 1163 3568 22

115 3590 197 3655 tulit:
221 3590 337 3673 quippe
356 3595 389 3654 et
409 3590 549 3654 militum
571 3589 803 3673 promptissimi
825 3588 966 3653 cecidere
987 3593 1020 3654 et
1042 3589 1110 3671 ipse
