2552 4108
270 223 523 280 HISTORIARUM
540 224 755 279 ALEXANDRI
772 225 823 293 111,
843 231 867 279 6.
888 229 911 278 7.
1053 223 1093 286 13

80 368 156 431 toto
180 387 311 450 corpore
334 369 506 433 salubritas
528 369 648 452 percipi
670 367 784 452 potuit,
805 366 944 450 primum
967 368 1093 432 animus

81 454 230 538 vigorem
266 477 375 540 suum,
416 456 529 521 deinde
566 478 680 540 corpus
718 477 843 541 quoque
876 457 1093 538 expectatione

82 543 244 607 maturius
266 545 476 627 recuperavit:
500 544 616 630 quippe
638 547 713 628 post
733 545 864 608 tertium
881 543 973 622 diem,
997 566 1093 628 quam

82 631 121 695 in
144 630 207 696 hoc
226 634 312 695 statu
329 631 443 717 fuerat,
465 633 499 697 in
517 637 723 715 conspectum
742 632 880 696 militum
894 633 990 696 venit
1025 631 1093 695 Nec
1113 652 1145 700 1⁷

83 718 211 783 avidius
233 719 339 802 ipsum
360 740 470 804 regem
493 743 589 805 quam
603 720 786 804 Philippum
804 721 990 784 intuebatur
1008 741 1093 783 exer·

84 807 184 871 citus:
207 828 265 890 pro
289 829 322 872 se
345 809 479 892 quisque
501 809 645 874 dextram
668 809 736 873 eius
755 809 893 891 amplexi
912 812 1018 893 grates
1036 808 1094 872 ha-

83 895 210 960 bebant
227 895 314 960 velut
331 897 493 979 praesenti
517 897 584 962 deo.
618 894 765 981 Namque
788 897 874 961 haud
896 897 988 960 facile
1007 896 1094 960 dictu

85 985 147 1065 est,
168 986 293 1066 praeter
314 984 490 1069 ingenitam
512 985 560 1049 illi
583 984 672 1069 genti
695 1005 770 1069 erga
791 1005 883 1069 reges
907 1006 981 1049 suos
1002 1006 1094 1048 vene-

83 1071 260 1155 rationem,
283 1076 438 1156 quantum
460 1072 554 1137 huius
577 1073 687 1156 utique
709 1073 795 1157 regis
816 1075 867 1136 vel
890 1073 1095 1137 admirationi

85 1158 188 1223 dediti
217 1159 337 1224 fuerint
364 1161 415 1224 vel
442 1161 574 1225 caritate
601 1161 814 1245 flagraverint
858 1159 928 1225 Iam
955 1163 1095 1244 primum
1115 1164 1145 1214 18

84 1247 170 1312 nihil
202 1247 270 1312 sine
302 1248 411 1312 divina
442 1270 501 1332 ope
533 1248 662 1333 adgredi
694 1248 873 1312 videbatur:
913 1270 989 1313 nam
1022 1271 1095 1313 cum

84 1337 216 1420 praesto
239 1340 325 1400 esset
346 1336 464 1420 ubique
486 1337 626 1420 fortuna,
648 1337 810 1401 temeritas
828 1337 861 1400 in
878 1337 1013 1420 gloriam
1030 1358 1095 1401 ces-

86 1426 184 1488 serat
214 1422 314 1488 Aetas
338 1445 462 1508 quoque
484 1426 537 1489 vix
559 1425 658 1489 tantis
681 1428 808 1488 matura
829 1425 938 1508 rebus,
961 1425 1017 1489 sed
1040 1425 1146 1488 ab-19

85 1511 173 1575 undo
200 1511 359 1576 sufficiens
387 1513 494 1577 omnia
517 1513 584 1577 eius
608 1535 706 1596 opera
727 1512 919 1577 honestabat
942 1516 986 1595 et,
1014 1534 1094 1595 quae

85 1599 209 1664 leviora
230 1598 342 1664 haberi
360 1602 473 1680 solent,
495 1601 681 1684 plerumque
695 1601 827 1665 militari
842 1601 983 1685 gratiora
997 1601 1094 1683 vulgo

87 1690 179 1769 sunt,
210 1688 393 1753 exercitatio
417 1689 559 1772 corporis
584 1689 668 1752 inter
692 1689 794 1773 ipsos,
826 1690 929 1752 cultus
951 1688 1095 1753 habitus·

86 1796 151 1859 que
173 1776 303 1857 paulum
326 1798 345 1840 a
367 1776 492 1860 privato
515 1777 700 1860 abhorrens,
724 1777 871 1840 militaris
894 1777 997 1861 vigor:
1025 1776 1095 1858 quis
1113 1781 1146 1830 20

86 1862 143 1927 ills
170 1863 222 1927 vel
246 1864 368 1948 ingenii
397 1865 525 1929 dotibus
552 1864 602 1928 vel
629 1864 728 1927 animi
752 1865 886 1949 artibus,
917 1869 954 1928 ut
974 1864 1096 1948 pariter

88 1971 183 2016 carus
205 1972 242 2016 ac
264 1953 465 2016 venerandus
488 1954 584 2036 esset,
607 1951 762 2016 effecerat

503 2107 580 2175 (lar.
603 2109 676 2176 VIL

32 2211 76 2278 17
178 2213 225 2279 At
245 2213 371 2279 Dareus
397 2215 510 2280 nuntio
534 2216 572 2280 de
594 2217 729 2281 adversa
751 2215 928 2281 valitudine
951 2216 1020 2280 eius
1044 2223 1128 2280 ael

89 2304 184 2385 cepto
216 2303 393 2386 celeritate,
426 2307 580 2387 quantam
611 2326 724 2388 capere
756 2308 824 2368 tam
854 2325 952 2389 grave
981 2324 1096 2388 agmen

87 2393 228 2476 poterat,
251 2391 291 2455 ad
304 2391 495 2474 Euphraten
517 2393 680 2457 contendit
698 2394 870 2475 iunctoque
889 2415 926 2458 eo
940 2393 1095 2474 pontibus

87 2478 229 2563 quinque
255 2482 364 2543 tamen
392 2479 504 2544 diebus
526 2480 656 2545 traiecit
678 2481 852 2546 exercitum
876 2478 1021 2545 Ciliciam
1045 2501 1095 2544 oo·

87 2587 208 2650 cupare
231 2566 399 2632 festinans.
438 2566 509 2631 Iam
531 2567 713 2632 Alexander
733 2569 854 2633 viribus
879 2567 1024 2649 corporis
1047 2577 1130 2630 roa

87 2655 193 2738 ceptis
221 2655 262 2718 ad
289 2655 402 2720 urbem
424 2653 518 2720 Solos
545 2659 747 2739 pervenerat:
779 2655 868 2720 cuius
892 2655 1016 2737 potitus
1040 2654 1096 2718 du·

88 2743 193 2808 centis
219 2743 350 2807 talentis
373 2744 494 2808 multae
516 2745 645 2809 nomine
667 2743 787 2808 exactis
811 2742 878 2806 arci
900 2742 1097 2827 praesidium
1151 2767 1167 2776 ³

87 2831 230 2896 militum
261 2831 413 2915 inposuit.
457 2831 546 2898 Vota
577 2831 688 2897 deinde
719 2852 777 2914 pro
810 2830 914 2894 salute
947 2834 1130 2914 suscepta3

87 2941 149 3004 per
170 2918 281 2983 ludum
298 2923 394 3004 atque
411 2920 512 2985 otium
525 2920 659 2985 reddens
675 2918 823 3002 ostendit,
846 2923 967 3002 quanta
979 2919 1097 2983 fiducia

87 3007 248 3072 barbaros
280 3011 458 3090 sperneret:
496 3009 613 3090 quippe
641 3005 836 3090 Aesculapio
869 3011 902 3072 et
932 3006 1097 3072 Minervae

88 3094 184 3161 ludos
222 3095 403 3161 celebravit.
457 3093 622 3178 Spectanti
656 3095 787 3161 nuntius
818 3096 922 3160 laetus
954 3095 1132 3160 adfertur4

88 3183 321 3248 Halicarnasso
344 3184 459 3249 Persas
484 3185 551 3248 acie
575 3206 594 3248 a
617 3184 683 3247 suis
706 3205 776 3248 esse
799 3186 978 3268 superatos,
1003 3183 1097 3266 Myn-

90 3271 161 3337 dios
184 3292 309 3355 quoque
333 3274 365 3336 et
388 3270 528 3338 Caunios
551 3275 585 3335 et
605 3272 758 3356 pleraque
780 3275 903 3336 tractus
927 3272 996 3336 eius
1020 3293 1096 3334 suae

89 3359 179 3425 facta
202 3359 345 3424 dicionis.
380 3359 486 3445 lgitur
507 3359 593 3425 edito
618 3359 799 3443 spectaculo
823 3359 945 3423 ludicro
969 3359 1131 3423 castris-t

92 3469 154 3530 quc
182 3448 280 3513 motis
311 3450 344 3512 et
365 3447 505 3532 Pyramo
536 3469 628 3512 amne
656 3452 756 3532 ponte
782 3448 890 3512 iuncto
919 3447 959 3511 ad
986 3448 1098 3511 urbem

90 3534 228 3600 Mallum
248 3535 407 3620 pervenit,
429 3536 503 3601 inde
526 3535 636 3600 alteris
660 3536 774 3601 castris
798 3535 838 3600 ad
862 3536 1015 3618 oppidum
1038 3533 1097 3600 (la-

91 3624 247 3689 tabolum.
282 3623 334 3688 Ibi
349 3624 519 3689 Parmenio
541 3625 612 3710 regi
634 3625 786 3689 occurrit:
808 3623 1004 3707 praemissus
1028 3625 1134 3691 erate
