2600 4096
273 170 525 226 HISTORIARUM
541 169 756 226 anameel
774 171 847 244 VIIl,
867 177 891 226 2.
904 177 928 227 8.
1021 173 1084 237 193

504 374 585 443 Cur.
606 376 664 442 III.

34 421 36 464 l

34 485 35 494 ’
55 493 84 554 11
170 488 281 556 Dahas
303 491 416 556 deinde
435 493 596 556 statuerat
613 495 735 575 petere:
757 491 805 557 ibi
823 512 961 577 namque
980 490 1085 577 Spita-
1104 502 1119 552 1

91 599 197 643 menen
209 600 279 644 esse
293 583 496 661 cognoverat
528 577 590 645 Sed
603 579 826 665 huncquoque
839 580 1085 665 expediIionem,

90 671 122 730 ut
137 668 289 751 pleraque
308 667 384 751 alia,
405 666 537 733 fortuna
554 667 749 752 indulgendo
768 669 799 734 ci
815 690 991 755 numquam
1013 669 1085 735 fati·

91 758 160 840 gata
172 776 232 840 pro
246 756 380 820 absente
391 755 559 840 transegit
580 754 782 839 Spitamenes
791 757 901 823 uxoris
913 758 1085 824 immodico

91 864 191 908 amore
214 843 387 928 flagrabat:
410 865 508 927 quam
530 863 625 928 aegre
651 844 763 930 fugam
785 848 818 909 et
845 867 928 913 nora
950 845 1085 911 subinde

90 932 180 997 exilia
192 933 395 1015 tolerantem,
412 932 447 995 in
461 954 555 997 omne
574 931 745 997 discrimen
757 934 907 1000 comitem
925 933 1086 1001 trahebat.

89 1018 145 1085 Illa
162 1021 257 1085 malis
279 1019 419 1104 fatigata
438 1019 612 1087 identidem
631 1020 804 1086 muliebres
822 1021 974 1089 adhibere
996 1024 1120 1089 blan-2

90 1107 193 1193 ditias,
215 1112 253 1172 ut
272 1108 405 1173 tandem
427 1107 539 1192 fugam
557 1109 687 1174 sisteret
702 1108 896 1193 victorisque
910 1110 1086 1177 Alexandri

89 1196 288 1262 clementiam
306 1199 455 1280 expertus
477 1197 632 1280 placaret,
656 1218 750 1281 quem
769 1197 908 1282 effugere
926 1220 992 1263 non
1012 1221 1085 1283 poe·

89 1289 141 1350 set
184 1283 264 1350 'hes
288 1284 388 1349 adulti
411 1287 505 1349 erant
525 1285 620 1351 liberi
643 1306 682 1349 ex
705 1305 743 1350 eo
771 1285 887 1370 geniti:
910 1307 991 1370 quos
1013 1296 1120 1354 comt

88 1373 206 1456 pectori
232 1371 335 1456 patris
362 1372 570 1456 admovisset,
600 1376 638 1439 ut
663 1373 779 1438 saltem
807 1394 917 1439 corum
944 1374 1087 1440 misereri

87 1462 195 1544 vellet,
216 1461 343 1526 orabat:
366 1464 412 1544 ct,
434 1482 497 1545 quo
516 1461 710 1528 efficaciores
729 1466 837 1527 essent
854 1483 979 1546 preces,
999 1462 1087 1528 haud

87 1550 194 1633 procul
213 1553 284 1614 crat
296 1548 488 1614 Alexander.
517 1549 578 1615 Ille
594 1572 628 1615 se
646 1550 752 1634 prodi,
770 1572 837 1616 non
854 1551 977 1616 moneri
995 1554 1085 1616 ratus
1103 1559 1121 1606 4

89 1641 118 1702 et
142 1638 268 1703 formae
294 1636 439 1720 profecto
467 1635 585 1703 fiducia
609 1660 723 1721 cupere
751 1659 822 1703 eam
850 1638 1087 1723 quamprimum

87 1725 155 1791 dedi
168 1724 367 1804 Alexandro,
390 1725 553 1791 acinacem
571 1726 701 1790 strinxit
719 1746 927 1810 percussurus
946 1748 1087 1812 uxorem,

86 1814 147 1879 nisi
172 1813 357 1897 prohibitus
380 1817 465 1879 esset
490 1813 629 1878 fratrum
657 1813 725 1878 eius
750 1834 892 1880 occursu.
937 1812 1122 1880 ceterumo

87 1902 171 1967 abire
190 1904 363 1985 conspectu
384 1901 475 1966 iubet
497 1901 606 1966 addito
624 1905 712 1966 metu
733 1902 862 1985 mortis,
884 1903 913 1967 ei
931 1923 966 1968 se
984 1903 1086 1968 oculis

86 1995 152 2056 eius
166 1990 350 2073 obtulisset,
369 1993 403 2054 et
415 1990 456 2054 ad
474 1989 666 2055 desiderium
683 1989 852 2054 lavandum
865 1994 976 2056 noctes
991 2012 1086 2076 agere

85 2078 167 2144 inter
184 2077 305 2161 pelices
322 2077 438 2160 coepit
476 2076 538 2144 Sed
555 2078 684 2162 penitus
697 2077 832 2143 haerens
847 2100 939 2145 amor
955 2079 1085 2146 fastidio
1105 2087 1122 2136 6

85 2166 301 2249 praesentium
327 2186 479 2231 accensus
506 2170 565 2232 est
612 2166 728 2251 Itaque
754 2187 864 2232 rursus
894 2168 1008 2234 unici
1035 2169 1086 2233 de·

85 2254 169 2320 ditus
201 2274 294 2320 orare
325 2274 391 2319 non
421 2253 560 2338 destitit,
590 2258 629 2321 ut
658 2254 719 2320 tali
746 2254 881 2321 consilio
910 2257 1089 2322 abstineret

84 2345 313 2428 patereturque
330 2346 464 2422 sortem,
487 2364 720 2428 quamcumque
738 2343 779 2408 iis
796 2343 928 2410 fortune
944 2343 1088 2409 fecisset:

84 2431 146 2496 sibi
168 2434 305 2496 mortem
326 2430 488 2496 deditione
508 2452 578 2497 essa
599 2432 761 2497 leviorem.
802 2431 848 2496 At
869 2432 927 2495 illa
948 2452 1087 2516 purgare
1106 2443 1123 2487 ⁷

85 2540 132 2603 ee,
159 2519 257 2604 quod,
285 2540 366 2603 quae
393 2518 489 2584 utilia
513 2541 584 2585 esse
606 2520 770 2602 censebat,
796 2518 998 2582 muliebriter
1023 2518 1088 2583 for·

85 2608 183 2692 sitan,
205 2608 262 2673 sed
279 2607 344 2672 fida
364 2611 474 2672 tamen
491 2611 600 2672 mente
622 2607 790 2673 suasisset:
812 2605 851 2669 de
874 2607 979 2670 cetero
1001 2605 1087 2671 iutu-

83 2717 153 2760 ram
185 2696 220 2761 in
252 2695 313 2760 viri
339 2698 511 2778 potestate.
557 2693 756 2780 Spitamenes
789 2693 942 2759 simulato
974 2697 1124 2779 captust

85 2783 237 2868 obsequio
260 2783 299 2847 de
327 2783 377 2848 die
400 2784 582 2849 convivium
609 2782 758 2867 apparari
780 2783 871 2846 iubet
895 2781 1032 2867 vinoque
1055 2785 1089 2848 et

83 2872 186 2956 epulis
216 2870 326 2956 gravis
357 2873 417 2953 [et]
450 2871 663 2936 semisomnus
693 2871 728 2935 in
760 2869 944 2935 cubiculum
976 2870 1088 2937 fertur.

83 2959 186 3036 Quem
203 2964 242 3025 ut
259 2959 327 3025 alto
345 2963 379 3024 et
395 2960 487 3046 gravi
505 2981 617 3025 somno
636 2959 777 3044 sopitum
797 2979 866 3023 esse
880 2959 982 3024 sensit
1000 2980 1088 3043 uxor,
1106 2966 1123 3014 9

83 3048 241 3132 gladium,
273 3070 369 3132 quem
396 3052 484 3113 reete
511 3048 742 3131 occultaverat,
769 3046 903 3132 stringit
930 3050 1087 3131 caputque

83 3136 150 3202 eius
175 3136 337 3201 abaciam
360 3157 471 3202 cruore
494 3158 642 3220 respersa
665 3156 758 3200 servo
781 3156 838 3200 suo
862 3136 989 3201 conscio
1011 3134 1087 3200 faci-

37 3221 171 3290 lenosis
202 3224 312 3290 tradit.
360 3224 483 3290 Eodem
515 3225 703 3308 comitante,
734 3223 830 3288 sicuti
859 3226 929 3288 erat
956 3226 1141 3288 cruenta10

83 3317 186 3398 veste,
226 3313 261 3378 in
300 3312 511 3379 Macedonum
552 3316 658 3377 castra
695 3312 844 3396 pervenit
883 3311 1088 3396 nuntiarique

82 3400 265 3467 Alexandro
293 3401 396 3486 iubet,
420 3422 504 3484 esse,
535 3422 617 3484 quae
644 3422 683 3466 ex
711 3401 784 3485 ipsa
810 3400 940 3464 deberet
967 3399 1089 3484 adgno-

83 3510 179 3555 scere.
222 3488 282 3554 Illc
310 3489 459 3574 protinus
485 3489 657 3554 barbaram
687 3489 783 3555 iussit
805 3487 944 3552 admitti.
984 3488 1087 3563 Quam
1107 3495 1138 3544 11

82 3582 120 3642 nt
139 3600 321 3662 respersam
344 3599 455 3644 cruore
478 3577 658 3662 conspexit,
679 3581 769 3643 ratus
797 3575 837 3640 ad
861 3575 1088 3658 deplorandam

135 3689 229 3732 (lartius
243 3691 324 3732 aaran
594 3729 598 3734 .
896 3683 927 3731 13
