2602 4094
237 179 302 245 238
608 177 640 243 Q.
660 177 771 234 CUltTI
787 177 873 234 RUFI

185 337 218 386 22
326 322 439 389 Omnis
463 323 634 388 multitudo
661 325 695 387 et
716 322 855 387 maxime
876 321 1028 387 militaris
1047 322 1155 389 mobili
1172 323 1264 387 im-lt

236 416 314 497 patu
333 412 475 478 effertur:
508 411 555 475 ita
582 410 750 476 seditionis
776 432 841 474 non
867 410 1010 476 remedia
1033 433 1127 496 quam
1149 412 1221 495 prin·

185 514 219 564 23
237 501 322 585 cipis
343 500 469 566 maiora
491 503 576 565 sunt.
619 497 695 566 Non
717 498 799 564 elias
826 503 894 562 tam
921 498 1026 564 alacer
1053 501 1169 565 clamor
1188 500 1221 562 ab

238 589 377 654 exercitu
400 592 450 652 est
474 587 617 652 redditus
643 587 835 670 iubentium,
862 586 991 651 duceret
1017 587 1066 652 dis
1094 587 1222 652 secundis

238 675 609 831 lilitiililoti‘ll
645 674 1222 847 lttltttltffuttltlt

186 867 219 916 24
236 852 465 918 Validissimae
486 850 639 916 ludorum
662 854 774 935 gentes
798 854 888 916 erant
911 854 944 916 et
968 852 1088 917 bellum
1113 852 1222 934 inpigre

236 940 398 1025 parabant
424 940 598 1024 ducemque
620 961 659 1004 ex
685 940 815 1005 natione
838 937 1051 1005 Sudracarum
1079 943 1223 1022 spectatae

237 1029 366 1094 virtutis
398 1028 576 1113 elegerant:
608 1027 663 1112 qui
699 1029 758 1092 sub
789 1027 951 1092 radicibus
985 1029 1105 1095 montis
1135 1029 1223 1092 castra

237 1116 346 1200 posuit
366 1117 495 1200 lateque
519 1117 621 1201 ignes,
642 1119 679 1180 nt
702 1116 841 1199 speciem
862 1115 1080 1181 multitudinis
1103 1118 1223 1200 angeret,

238 1204 393 1283 ostendit,
420 1206 558 1270 clamore
586 1225 711 1288 quoque
738 1224 776 1268 ac
798 1203 849 1269 sui
876 1204 976 1269 moris
1002 1205 1127 1270 ululatu
1151 1203 1222 1267 iden·

237 1293 339 1358 tidem
357 1292 595 1376 adquiescentes
612 1291 804 1357 Macedonas
822 1291 943 1357 frustra
960 1295 1080 1358 terrere
1098 1295 1221 1358 conatus.

186 1394 219 1444 ab
237 1380 308 1445 lam
334 1381 389 1446 lux
417 1381 600 1464 adpetebat,
628 1402 700 1445 cum
727 1401 785 1444 rex
810 1379 944 1444 fiduciae
971 1402 1008 1445 ac
1031 1381 1099 1466 spei
1126 1380 1220 1464 plenus

237 1470 359 1534 alacres
385 1469 505 1533 milites
532 1489 623 1533 arma
648 1489 762 1552 capere
792 1471 825 1533 et
847 1469 932 1532 exire
958 1469 991 1533 in
1015 1469 1117 1534 aciem
1141 1467 1220 1533 iubet

238 1555 300 1623 Sed
317 1593 361 1604 -
377 1556 464 1621 haud
482 1556 620 1621 traditur
638 1559 766 1622 metune
786 1578 827 1620 an
845 1557 958 1621 oborta
981 1557 1138 1623 seditione
1153 1556 1221 1619 inter

185 1661 219 1708 ae
237 1646 324 1730 ipsos
335 1681 379 1692 —
394 1645 501 1710 subito
519 1644 732 1730 profugerunt
750 1643 892 1710 barbari:
911 1649 997 1710 certe
1011 1646 1101 1710 avios
1115 1647 1221 1710 montes

238 1738 270 1798 et
292 1733 454 1816 inpeditos
477 1735 724 1815 occupaverunt,
747 1754 882 1816 quorum
905 1753 1022 1817 agmen
1044 1755 1101 1799 rex
1121 1733 1222 1797 frustra

236 1827 423 1904 persecutus
444 1821 661 1904 inpedimenta
684 1821 777 1904 cepit.

324 1909 519 1975 Perventum
551 1909 663 1974 deinde
691 1913 741 1974 est
774 1908 815 1974 ad
841 1909 993 1993 oppidum
1020 1908 1221 1988 Sudracarum,
1231 1905 1261 1970 18

238 1997 273 2061 in
304 1997 390 2081 quod
419 1997 562 2081 plerique
595 1996 820 2080 confugerant,
853 1997 939 2062 haud
970 1998 1094 2063 maiore
1123 1995 1221 2061 fiducie

185 2085 414 2168 armenium,
438 2107 533 2168 quam
557 2106 727 2149 armorum.
766 2084 838 2150 Iam
860 2085 1052 2151 admovebat
1074 2108 1142 2165 rex,
1165 2103 1220 2149 cun
1280 2111 1281 2201 p

238 2174 327 2236 vates
357 2193 486 2236 monere
514 2194 585 2237 eum
613 2173 731 2256 coepit,
760 2195 801 2238 ne
826 2175 1045 2239 committeret
1072 2178 1128 2239 ant
1153 2175 1221 2238 certe

185 2274 220 2322 28
238 2259 382 2324 differret
399 2260 613 2326 obsidionem:
632 2261 719 2326 vites
733 2261 800 2326 eius
815 2262 993 2345 periculum
1007 2263 1140 2328 ostendi.
1167 2259 1221 2324 lter
1279 2299 1280 2375 p

238 2347 497 2432 Demophontem
516 2383 554 2395 -
575 2349 604 2413 is
626 2370 766 2434 namque
789 2355 878 2414 vates
897 2354 1023 2416 erat-
1038 2351 1171 2432 intuens,
1186 2343 1221 2410 ‘si

209 2485 213 2494 .
238 2434 332 2522 quis',
353 2436 468 2521 inquit,
486 2435 530 2502 ‘te
548 2437 611 2502 arti
628 2442 704 2503 tuae
722 2437 883 2503 intentum
897 2441 930 2502 et
947 2442 1024 2504 exta
1041 2440 1220 2523 spectantem
1278 2487 1279 2490 ,

238 2525 285 2590 sic
306 2525 501 2610 interpellet,
522 2546 587 2590 non
609 2525 762 2608 dubitem,
785 2525 863 2610 quin
880 2525 1103 2592 incommodus
1121 2548 1156 2592 ae
1172 2543 1221 2588 mo·
1278 2517 1279 2549 ¹

185 2627 219 2675 22
237 2613 338 2678 leatus
366 2614 468 2679 videri
494 2614 556 2679 tibi
584 2612 709 2697 possit?
749 2613 794 2680 Et
825 2635 898 2678 cum
929 2614 985 2680 ille
1019 2614 1079 2680 ‘ita
1109 2629 1221 2698 prorsus
1277 2647 1278 2725 p

238 2700 393 2765 tuturum'
420 2702 652 2786 respondisset,
679 2699 872 2787 ‘Censesne’,
899 2701 1018 2787 inquit,
1040 2702 1159 2768 ‘tantas
1177 2720 1224 2779 res,

238 2807 304 2850 non
330 2790 487 2871 pecudum
516 2790 613 2855 fibras
641 2793 715 2854 ante
742 2792 852 2856 oculos
880 2790 1014 2855 habenti
1042 2791 1144 2856 ullum
1169 2806 1224 2853 esse

239 2875 342 2938 maius
369 2876 633 2962 inpedimentum,
661 2900 757 2962 quam
783 2882 892 2944 vatem
915 2879 1146 2962 superstitione
1166 2897 1226 2958 cap·
1275 2953 1276 2960 ἵ

187 2975 220 3023 3ο
239 2960 343 3027 tum?
376 2962 407 3027 N
410 2984 445 3028 ec
462 2966 590 3049 diutius,
609 2988 706 3050 quam
723 2967 898 3050 respondit,
919 2971 1064 3032 moratus
1082 2960 1227 3031 admoveri
1275 2963 1276 2970 '

239 3049 330 3114 iubet
352 3050 453 3115 scalas
476 3054 759 3138 cunctantibusque
783 3055 898 3119 ceteris
922 3056 1030 3121 evadit
1051 3056 1086 3120 in
1108 3072 1227 3120 murum.

240 3136 389 3221 Augousta
420 3139 503 3202 muri
534 3162 652 3207 corona
688 3145 769 3207 erat:
803 3163 869 3207 non
901 3142 1018 3224 pinuae
1051 3144 1135 3209 sicut
1165 3138 1228 3206 alibi

239 3222 408 3308 fastigium
427 3226 493 3289 eins
508 3227 727 3315 distinxerant,
745 3229 801 3295 sed
818 3235 975 3314 perpetua
990 3231 1093 3297 lorica
1107 3230 1228 3297 obducta
1273 3269 1274 3272 =

188 3324 221 3371 31
240 3312 411 3377 transitum
430 3321 603 3396 saepserat.
641 3317 755 3402 Itaque
773 3339 829 3382 rex
852 3318 1007 3384 haerebat
1025 3321 1131 3405 magis
1148 3336 1229 3404 quam

240 3398 349 3462 stabat
370 3401 404 3464 in
421 3401 581 3484 margine,
604 3403 706 3489 clipeo
729 3406 868 3489 undique
887 3407 1064 3473 incidentia
1085 3409 1152 3472 tela
1170 3425 1230 3491 pro

239 3484 385 3568 pulsans:
417 3510 492 3552 narn
524 3489 642 3574 ubique
671 3496 794 3558 eminus
822 3514 861 3558 ex
891 3495 1034 3561 turribus
1066 3498 1230 3580 petebatur.

189 3584 222 3632 32
241 3572 310 3637 Nee
333 3574 439 3638 subire
462 3575 581 3640 milites
604 3581 768 3664 poterant,
794 3582 870 3665 quia
893 3605 1032 3668 superne
1054 3585 1087 3649 vi
1109 3585 1230 3650 telorum
