2552 4108
401 1083 737 1154 SUMMARIUM

465 1337 585 1396 LIBER
607 1336 663 1398 III.

134 1449 155 1506 1.
180 1449 366 1506 Celaenarum
386 1452 456 1506 urbe
478 1455 508 1507 et
530 1469 593 1507 arce
615 1454 729 1522 recepta
749 1450 912 1520 primariam
933 1421 1198 1532 PhrygIaeffim

69 1520 163 1576 urbem
189 1522 350 1577 Alexander
375 1522 545 1592 ingreditur,
570 1523 602 1577 in
626 1540 683 1592 qua
708 1522 823 1577 fatalem
847 1521 944 1577 Gordii
968 1525 1074 1576 nodum

68 1591 163 1659 solvit3
183 1592 287 1649 deinde
306 1593 419 1648 obviam
435 1594 527 1650 Dareo
550 1593 590 1648 iro
609 1593 717 1649 statuIt.
754 1593 786 1648 H.
804 1592 950 1648 Exercitus
967 1593 1072 1648 Persici

67 1661 210 1718 lustratio:
231 1664 267 1718 de
285 1681 340 1733 quo
359 1682 422 1720 cum
439 1665 525 1721 Darei
542 1664 620 1719 iussu
634 1664 815 1720 Charidemus
829 1663 1008 1718 Atheniensis
1026 1680 1072 1718 ve·

67 1749 126 1786 rum
157 1734 334 1804 liberumque
365 1735 530 1806 protulisset
560 1735 708 1802 iudicium,
741 1735 833 1805 capite
858 1735 993 1789 multatus
1021 1736 1071 1789 est

67 1802 110 1857 III.
129 1803 290 1874 Thpmodes
308 1806 501 1873 Pharnabazo,
520 1805 567 1860 hic
579 1805 722 1860 Memnoni
740 1805 871 1860 succedit.
902 1804 986 1859 Darei
1001 1821 1072 1860 som·

68 1873 143 1928 nium
167 1876 283 1945 eiusque
308 1877 388 1932 varia
408 1876 612 1948 interpretatio.
652 1877 774 1945 Pompae
795 1875 901 1930 Persici
926 1875 1072 1943 exercitus,

69 1944 126 1998 turn
148 1948 294 2017 copiarum
311 1947 465 2002 Alexandri
487 1947 646 2017 descriptio.
682 1947 727 2001 IV.
746 1947 876 2000 Desertae
899 1947 935 2001 ab
957 1948 1072 2001 Arsame

69 2011 150 2070 Darei
173 2019 317 2087 praefecto
342 2017 458 2073 Ciliciae
481 2019 575 2073 lauces
597 2018 756 2072 Alexander
773 2019 928 2086 opportune
946 2021 1071 2087 occupet.

70 2083 100 2138 V.
116 2085 183 2141 Cum
198 2089 228 2142 in
239 2088 366 2157 Cydnum
380 2089 482 2144 flumen
495 2089 628 2143 abluendi
642 2088 765 2158 corporis
775 2089 868 2158 gratia
875 2088 1073 2159 intempestive

70 2155 271 2226 descendisset,
291 2159 457 2229 gravissimo
475 2160 573 2215 morbo
592 2159 748 2229 corripitur.
783 2159 830 2215 VI.
850 2159 967 2214 Curatur
986 2160 1072 2214 afido

71 2225 243 2299 sapientique
266 2229 376 2285 medico
394 2230 525 2301 Philippo
548 2231 713 2286 restituitur,
749 2231 808 2285 VIL
826 2230 962 2300 Vegetior
982 2231 1073 2284 factus

71 2294 189 2354 Dareum
212 2301 330 2370 adgredi
353 2302 500 2356 constituit
518 2301 697 2370 Sisenemque
714 2301 827 2356 Persam
848 2304 881 2355 ut
901 2301 1073 2371 proditorem

72 2368 159 2422 occidi
177 2371 265 2427 iubet
298 2372 369 2427 VIII.
390 2372 474 2427 Darei
492 2375 557 2426 ante
575 2390 698 2442 pugnam
712 2372 841 2426 consilia:
861 2375 921 2426 turn
935 2372 1072 2426 exercitus

70 2435 172 2495 Persici
215 2442 417 2510 consternatio,
465 2443 608 2512 proximae
648 2442 847 2497 internecionis
887 2443 1071 2512 praesagium.

71 2506 113 2563 IX.
132 2511 285 2582 Utriusque
303 2513 375 2568 aciei
393 2513 552 2585 desumptio.
579 2512 613 2568 X.
631 2513 784 2568 Alexandri
802 2513 891 2567 oratio
910 2513 946 2566 ad
959 2512 1072 2568 milites.

72 2576 113 2634 XI.
131 2581 232 2653 Pugna
249 2584 286 2638 ad
303 2585 399 2640 lssum.
436 2585 495 2640 XII.
513 2585 613 2638 Manis
635 2588 665 2639 et
686 2584 780 2638 uxoris
797 2583 882 2637 Darei
901 2582 1072 2650 aliarumque

72 2651 242 2719 captivarum
255 2655 362 2710 luctum
374 2656 452 2710 levat
464 2656 629 2710 Alexander.
656 2655 728 2709 XIII.
741 2654 827 2708 Darei
840 2669 939 2723 gazam
952 2671 1014 2708 cum
1031 2653 1074 2707 in·

72 2723 148 2787 genti
171 2725 311 2781 nobilium
327 2742 443 2782 numero
459 2727 617 2796 praefectus
633 2725 765 2780 Damasci
782 2723 960 2779 Parmenioni
977 2724 1072 2780 tradit.

475 2876 597 2935 LIBER
618 2875 671 2936 IV.

138 2985 159 3043 I.
178 2989 336 3045 Alexander
353 2990 457 3045 litteris
476 2991 597 3045 sDereo
612 2989 730 3058 superbe
744 2988 857 3058 scriptis
870 2988 947 3059 regie
961 3006 1073 3058 respon·
1091 2991 1142 3041 332

74 3051 125 3109 det.
162 3059 387 3130 Abdalonymum
406 3060 530 3116 Sidoniis
548 3077 643 3130 regem
661 3059 794 3129 praeficit.
830 3061 966 3128 Amyntas
984 3063 1073 3114 trans·

74 3121 137 3193 firga
154 3147 172 3184 a
184 3131 277 3186 Persis
295 3131 365 3202 ipsis
384 3131 527 3186 occiditur.
559 3131 662 3186 Variae
680 3130 765 3184 variis
783 3130 853 3186 locis
871 3131 1075 3200 praefectorum

75 3191 154 3252 Darei
181 3201 282 3258 clades.
328 3203 362 3258 Π,
385 3203 472 3272 Tyrus
499 3202 581 3269 urbs,
608 3201 709 3256 incolis
735 3202 924 3256 Alexandrum
951 3201 1074 3270 recipere

75 3273 274 3341 recusantibus,
305 3273 457 3328 obsidetur.
498 3273 544 3328 III.
567 3272 742 3328 Describitur
763 3273 829 3342 Tyri
852 3271 962 3327 obsidio
988 3273 1073 3326 variis

75 3332 140 3392 belli
157 3343 267 3398 casibus
285 3343 414 3414 insignis.
450 3344 496 3399 lv.
514 3343 639 3398 Tandem
660 3343 691 3397 ri
709 3345 792 3412 capta
813 3345 879 3397 urbs
898 3342 1009 3397 lunesto
1027 3361 1074 3397 va-

77 3406 160 3464 statur
173 3412 311 3470 incendio.
338 3414 372 3470 V.
389 3414 475 3469 Darei
488 3414 591 3469 iterata
604 3415 639 3468 de
653 3431 721 3484 pace
736 3413 953 3482 submissiorque
967 3413 1073 3482 legatio

77 3475 109 3528 ab
126 3481 282 3540 Alexandro
300 3485 471 3555 repudiatur.
504 3485 563 3550 Quo
582 3486 657 3540 facto
672 3484 770 3540 Graeci
789 3502 852 3538 eum
870 3500 973 3539 corone
990 3501 1074 3538 auree

78 3543 188 3609 donant:
211 3556 261 3610 ille
283 3573 334 3626 per
355 3558 512 3626 praefectos
534 3555 682 3625 plerasque
699 3555 846 3610 Persarum
866 3553 1025 3623 provincias
1043 3554 1074 3607 in

78 3620 240 3680 potestatem
258 3644 337 3682 suam
354 3627 467 3696 redigit
495 3626 541 3681 VI.
559 3626 604 3680 Ad
621 3625 727 3681 bellum
745 3626 812 3679 dum
830 3642 860 3679 se
879 3624 1003 3693 accingit
1018 3623 1074 3677 De-

79 3701 147 3752 reus,
175 3697 332 3752 Alexander
355 3697 458 3752 Gazam
485 3698 627 3766 expugnat
650 3696 763 3763 eiusque
788 3695 959 3766 praefectum
982 3693 1073 3747 Betim
