2552 4108
196 163 311 220 XXVIII
585 163 812 220 SUMMARIUM.

195 303 369 358 rarumsuhi
391 303 462 360 endo
481 302 606 359 consilia.
639 303 760 370 Orsines,
779 303 864 359 Persa
881 301 1114 372 nobilissimusst
1104 319 1204 359 msons

194 373 568 500 tuithfflaffiui}
569 377 698 499 tua
712 346 1204 528 hithmahmahti

194 517 386 598 perturbatam
404 531 504 584 pacare
523 515 625 583 studet,
643 515 765 570 militum
781 532 893 570 suorum
905 515 1032 597 inopiam
1046 517 1204 582 sublevare,

195 587 318 643 seniores
337 587 449 641 domum
461 585 606 641 remittere
618 586 735 667 parat
726 604 757 640 ιιι
770 585 870 641 castris
883 586 973 641 oritur
987 586 1098 654 seditio,
1117 605 1203 656 qnam
1271 577 1272 624 l

193 659 289 714 tamen
316 656 446 738 opposita
471 657 551 726 regia
575 656 743 712 auctoritate
769 657 849 711 brevi
879 656 929 711 ille
958 629 1109 739 conpescit
1155 659 1195 711 lli

193 729 240 784 IV
273 727 421 782 Seditrosis
449 727 586 796 supplicio
614 727 746 796 adfectis,
772 727 961 782 Asiaticorum
987 728 1111 784 ιιιιιιιιιιιι
1135 743 1203 782 con-

194 798 272 853 tione
298 798 448 865 advocata,
474 814 570 852 eorum
592 814 621 852 se
644 813 730 880 opera
746 799 870 880 posthac
887 816 1002 853 usurum
1020 798 1129 853 dicit''
1109 817 1203 867 usque

194 868 318 938 corporis
332 868 488 923 custodiam
502 868 660 923 committit
692 867 815 923 Militum
829 885 943 923 suorum
954 869 1131 938 paenitentia
1144 886 1202 924 non

125 945 176 995 828
194 941 328 994 movetur.
349 939 493 1020 [Sequitur
510 955 613 1020 magua
630 939 752 1021 lacuna]
788 939 822 994 V.
850 939 910 994 Rex
926 939 1109 994 moribundus
1124 956 1201 994 exer-

194 1008 282 1066 citum
300 1008 413 1064 salutat
444 1009 527 1064 Dicta
545 1026 604 1064 erus
619 1012 684 1065 ante
698 1010 814 1065 obitum.
846 1009 1021 1065 Describitur
1034 1010 1127 1065 luctus
1140 1011 1200 1064 Ma

194 1080 338 1136 cadonum.
370 1080 455 1134 Darei
472 1082 561 1136 mater
579 1080 677 1135 audito
696 1081 755 1136 eius
774 1080 854 1135 obitu
871 1080 1059 1136 voluntariam
1080 1083 1202 1136 mortem

194 1150 263 1206 obit
290 1150 442 1206 Alexandri
459 1151 577 1206 virtutes
595 1151 716 1233 etnvitia
752 1151 798 1206 VI
825 1150 868 1206 De
881 1167 1040 1206 successore
1053 1151 1128 1206 inter
1141 1152 1200 1206 Ma-

194 1222 314 1277 cedones
333 1222 501 1277 consultatio
523 1225 553 1278 et
578 1221 673 1278 variae
700 1221 864 1278 sententiae.
909 1222 968 1276 VH.
1005 1221 1200 1288 Arrhidaeum,

193 1291 317 1362 Philippi
341 1309 375 1347 ex
400 1292 491 1362 pelice
518 1292 620 1360 filium,
647 1293 762 1346 fratrem
784 1291 949 1360 Alexandri,
967 1309 1071 1374 regem
1094 1293 1202 1348 salutat

193 1363 347 1432 Meleager:
366 1363 423 1418 lilio
437 1363 589 1419 Alexandri
607 1379 641 1417 ex
653 1363 767 1418 Roxane
785 1363 879 1444 futuro
893 1362 1055 1418 Pcrdiccam
1069 1366 1099 1418 et
1112 1363 1198 1418 Leon-

193 1436 292 1489 natum
313 1435 420 1489 tutores
443 1434 567 1489 destinat
583 1433 694 1488 Pithon.
730 1434 762 1488 ln
782 1433 891 1515 regiam
915 1433 1059 1504 peditibus
1078 1434 1199 1503 stipatus

193 1504 329 1574 inrumpit
345 1504 515 1560 Arrhidaeus
533 1520 596 1558 cum
613 1503 767 1573 Meleagro.
786 1503 928 1572 equitibus
946 1505 1146 1559 comitantibus
1166 1523 1200 1559 ex

193 1577 262 1632 urhe
281 1577 412 1631 excedere
432 1577 559 1629 statuunt
575 1574 722 1629 Perdiccas
740 1577 769 1629 et
786 1575 952 1630 Leonnatus.
988 1576 1060 1630 VIII
1087 1575 1199 1630 Perdr'c

195 1664 242 1702 cas
261 1663 277 1702 e
294 1646 370 1702 vitae
383 1645 508 1715 periculo
522 1647 647 1700 servatus
661 1644 768 1714 campis
782 1646 925 1716 occupatis
938 1645 1112 1715 Babylonem
1125 1647 1200 1700 farne

193 1718 304 1801 premit,
344 1716 513 1771 Arrhidaeus
540 1714 618 1785 pacis
646 1715 787 1770 studiosus
819 1716 1028 1772 contentionem
1054 1716 1200 1786 proposita

193 1788 287 1844 media
313 1789 434 1856 quadam
460 1786 569 1842 ratione
601 1802 766 1856 componere
791 1790 915 1841 conatur.
961 1787 1007 1842 IX
1041 1787 1199 1853 Perdiccas,

194 1860 261 1913 dum
304 1859 376 1940 atrio
398 1875 475 1913 more
497 1856 650 1914 exercitum
670 1857 784 1925 lustrat,
811 1857 984 1926 Meleagrum
1006 1858 1036 1912 et
1059 1861 1199 1912 trecentos

193 1931 252 1984 fere
315 1945 346 1983 cs
371 1928 527 1984 discordiae
551 1931 678 1983 auctores
701 1929 767 1983 dolo
790 1943 826 1997 op
846 1927 932 1984 rimit.
976 1927 1009 1983 X.
1045 1928 1198 1982 Alexandri

193 1999 341 2080 rmperium
360 1999 463 2054 dividit
479 1999 638 2066 Perdiccas,
663 2015 800 2052 summam
870 1998 972 2053 hidaeo
995 2001 1025 2053 et
1045 1998 1113 2065 sibi,
1135 2015 1199 2068 pro·

194 2069 300 2124 vineias
319 2069 390 2122 alias
409 2070 473 2123 aliis
492 2070 609 2124 ducibus
628 2069 793 2124 attribuens
830 2069 937 2124 Seritur
954 2085 1060 2152 rumor,
1079 2040 1199 2124 Alexan-

195 2141 275 2194 drum
293 2155 400 2195 veneno
423 2140 490 2193 dato
513 2156 574 2195 esse
592 2140 743 2207 interempt
743 2157 798 2194 um.
844 2138 950 2209 Corpus
968 2139 1028 2194 eius
1046 2111 1198 2210 Aegyptio·

194 2228 256 2265 rum
273 2213 307 2334 fet
325 2209 528 2264 Chaldaeorum
549 2226 626 2264 more
651 2212 778 2264 curatum
800 2209 977 2266 Ptolemaeus
1000 2210 1197 2266 Alexandriam

194 2283 272 2338 trans
285 2283 334 2336 ert
