2600 4096
221 195 285 260 150
590 195 622 262 Q.
641 195 750 251 CURTI
768 195 854 252 RUFI

218 339 324 424 ipsum
355 340 585 424 iacularentur,
616 340 698 404 nihil
730 340 819 406 aliud
851 362 935 426 esse,
966 363 1061 425 quam
1095 341 1216 406 scelesti

219 428 319 493 animi
341 429 478 494 indicem
503 451 540 494 ac
562 431 687 493 testem
725 428 814 506 Quae
841 429 968 495 eivers
992 433 1112 514 essent,
1138 429 1216 493 idem

218 516 373 582 meruisse
396 539 464 601 eos,
489 517 574 601 quod
597 516 763 596 Philotan,
791 517 819 582 si
842 517 940 601 falsa,
964 519 1089 602 exigere
1109 519 1216 602 ipsum,

168 616 199 664 1⁷
218 609 255 669 nt
280 604 440 670 refellant
485 604 663 670 Productus
692 605 805 670 deinde
832 605 1036 689 Antiphanes
1065 606 1104 671 de
1134 606 1217 690 equis

218 715 284 758 non
310 694 438 757 traditis
467 697 501 757 et
527 693 658 776 adiectis
687 694 784 758 etiam
813 694 950 777 superbe
976 695 1071 759 minis
1094 694 1217 759 indicat.

168 793 200 841 18
219 782 302 846 'lum
325 781 487 864 Amyntas
513 781 601 846 facta
623 781 749 846 dicendi
771 785 947 866 potestate,
976 781 1023 848 ‘si
1045 781 1150 866 nihil',
1174 783 1242 846 in·3

219 870 298 954 quit,
313 868 460 934 ‘interest
472 871 566 956 regis,
585 874 671 953 peto,
688 873 734 953 ut,
751 870 827 935 dum
842 870 922 950 dico,
936 871 1071 936 vinculis
1086 867 1218 936 liberer'.

218 956 288 1021 Rex
321 958 405 1022 solvi
435 961 605 1042 utrumque
631 959 735 1041 iubet,
767 959 1025 1044 desiderantique
1051 959 1219 1044 Amyntae,

219 1051 256 1108 ut
277 1045 409 1110 habitus
438 1068 564 1131 quoque
591 1047 777 1111 redderetur
796 1048 960 1132 armigeri,
987 1047 1134 1112 lanceam
1157 1046 1220 1111 dari

168 1144 200 1194 19
218 1134 322 1200 iussit.
367 1134 471 1212 Quam
493 1139 530 1199 ut
551 1134 644 1200 laeva
666 1135 911 1220 conprehendit,
933 1136 1055 1201 evitato
1079 1158 1118 1201 eo
1143 1135 1218 1218 loco,

219 1223 254 1286 in
277 1243 340 1307 quo
361 1222 537 1288 Alexandri
559 1244 674 1306 corpus
696 1223 793 1306 paulo
816 1227 891 1288 ante
912 1224 1065 1309 iacuerat,
1088 1221 1219 1300 ‘Qualis-

220 1310 376 1396 cumque’,
402 1312 520 1396 inquit,
552 1311 668 1376 ‘exitus
694 1332 754 1375 nos
782 1315 904 1396 manet,
930 1333 1000 1396 rex,
1027 1314 1219 1395 confitemur,

218 1421 408 1484 prosperum
430 1400 493 1465 tihi
520 1399 697 1482 debituros,
724 1399 900 1465 tristiorem
927 1400 1075 1466 fortunae
1099 1403 1218 1486 inputa

166 1500 200 1549 2ο
218 1491 318 1554 turos.
351 1486 426 1553 Sine
443 1487 638 1572 praeiudicio
657 1487 791 1552 dicimus
806 1510 936 1554 causam
953 1489 1066 1554 liberis
1084 1487 1219 1573 corpori-

218 1578 279 1642 bus
307 1576 494 1661 animisque.
538 1575 696 1640 Habitum
724 1577 834 1660 etiam,
865 1578 901 1641 in
928 1599 992 1661 quo
1019 1581 1052 1642 te
1075 1576 1219 1643 comitari

220 1666 370 1746 solemus,
391 1664 569 1730 reddidisti.
610 1661 749 1729 Causam
771 1687 834 1730 non
857 1687 1037 1749 possumus,
1059 1665 1218 1731 fortunam

166 1767 198 1815 21
218 1755 332 1818 timere
369 1753 559 1820 desinemus.
611 1751 672 1836 Et,
708 1775 842 1837 quaeso,
877 1755 1045 1837 permittas
1078 1754 1161 1820 mihi
1189 1752 1218 1816 id

218 1843 358 1926 primum
381 1841 563 1926 defendere,
592 1841 677 1925 quod
705 1863 724 1905 a
750 1844 783 1906 te
806 1841 957 1906 ultimum
979 1842 1143 1907 obiectum
1165 1844 1219 1906 est.
1279 1893 1280 1902 ,

218 1929 249 1995 N
253 1952 303 2012 os,
329 1953 400 2015 rex,
423 1931 580 1996 sermonis
605 1930 757 1994 adversus
780 1931 983 1994 maiestatem
1005 1934 1095 1995 tuam
1119 1929 1219 1996 habiti

218 2018 339 2083 nullius
361 2020 480 2084 conscii
503 2041 611 2083 sumus
634 2019 738 2083 nobis.
782 2016 932 2083 Dicerem
951 2019 1016 2083 iam
1034 2019 1162 2103 pridem
1178 2018 1219 2082 vi·

219 2106 302 2170 cisse
319 2109 353 2169 te
375 2106 543 2190 invidiam,
564 2106 629 2171 nisi
651 2106 832 2190 periculum
855 2111 953 2189 esset,
980 2128 1022 2171 ne
1045 2107 1112 2172 alia
1133 2106 1219 2171 mali·

167 2206 200 2254 22
220 2193 315 2277 gnius
329 2193 416 2258 dicta
429 2194 574 2259 crederes
592 2194 713 2259 blanda
730 2196 876 2260 oratione
894 2195 1035 2280 purgari.
1072 2193 1219 2260 Ceterum
1258 2187 1263 2200 ⁵

220 2282 348 2347 etiamsi
366 2281 479 2345 militis
501 2284 550 2347 tui
573 2283 622 2346 vel
641 2284 676 2346 in
694 2283 823 2367 agmine
841 2283 1018 2348 deficientis
1037 2287 1071 2349 et
1091 2282 1219 2370 fatigati
1278 2323 1279 2334 ,

219 2372 269 2434 vel
301 2371 336 2435 in
364 2370 431 2434 acie
458 2370 675 2454 periclitantis
701 2373 753 2436 vel
779 2372 814 2436 in
840 2372 1046 2437 tabernaculo
1074 2374 1166 2456 aegri
1191 2375 1220 2435 et
1278 2373 1279 2467 l

218 2460 352 2526 vulnera
383 2459 524 2524 curantis
557 2459 666 2542 aliqua
696 2482 759 2524 vox
790 2461 935 2543 asperior
965 2463 1051 2525 esset
1082 2462 1219 2544 accepta,

219 2570 436 2614 merueramus
449 2548 589 2614 fortibus
607 2547 711 2631 lactis,
729 2551 766 2611 ut
779 2548 892 2612 malles
907 2570 945 2612 ea
957 2549 1097 2633 tempori
1110 2552 1218 2614 nostro

166 2650 199 2699 23
218 2639 367 2721 inputare
386 2660 483 2723 quam
497 2637 614 2702 animo.
646 2633 728 2700 Cum
742 2636 818 2720 quid
832 2637 950 2702 accidit
963 2637 1098 2721 tristius,
1112 2656 1218 2702 omnes

218 2727 266 2789 rei
288 2731 375 2791 sunt:
401 2727 588 2810 corporibus
610 2725 744 2805 nostris,
768 2746 850 2809 quae
871 2726 982 2810 utique
1004 2747 1070 2790 non
1087 2725 1219 2806 odimus,
1277 2775 1278 2796 ,

218 2812 353 2878 infestas
372 2814 577 2879 admovemus
600 2835 728 2878 manus:
749 2816 909 2897 parentes,
932 2813 1042 2878 liberis
1066 2814 1094 2878 si
1118 2834 1219 2879 occur·

219 2905 306 2985 rant,
338 2905 371 2966 et
402 2903 524 2987 ingrati
555 2905 589 2967 et
616 2902 714 2967 invisi
740 2905 824 2967 sunt.
874 2898 997 2967 Contra
1028 2924 1100 2967 cunr
1131 2901 1218 2967 donis

218 2988 424 3074 honoramur,
443 3012 516 3055 cum
532 2991 686 3074 praemiis
705 2990 813 3055 onusti
830 2990 1030 3075 revertimur,
1048 2990 1121 3074 quir
1140 2991 1218 3055 ferre

218 3098 278 3142 nos
304 3077 435 3161 potest?
468 3080 539 3163 quis
570 3079 661 3143 illam
688 3079 867 3144 animorum
894 3079 1096 3144 alacritatem
1123 3076 1219 3144 conti·

166 3177 201 3227 24
218 3165 318 3231 nere?
362 3164 573 3232 Militantium
595 3189 654 3232 nec
681 3167 860 3252 indignatio
887 3188 946 3232 nec
968 3167 1095 3233 laetitia
1116 3167 1218 3231 mode·
1276 3185 1277 3202 ¹

218 3257 291 3318 rata
314 3259 370 3320 est.
415 3254 467 3320 Ad
490 3276 599 3320 omnes
623 3255 767 3320 adfectus
789 3256 911 3339 impetu
933 3256 1086 3339 rapimur.
1130 3254 1218 3320 Vitu-

217 3364 382 3428 peramus,
408 3343 591 3421 laudamus,
614 3345 816 3427 miseremur,
842 3343 1024 3427 irascimur,
1052 3347 1218 3427 utcumque

218 3452 371 3515 praesens
393 3433 496 3497 movit
519 3431 672 3497 adfectio:
695 3432 791 3497 modo
813 3431 939 3497 Indiam
963 3432 1050 3497 adire
1072 3436 1106 3497 et
1127 3432 1218 3498 Ocea·

218 3541 296 3584 num
324 3520 419 3604 libet,
451 3520 546 3586 modo
579 3521 753 3605 coniugum
778 3524 812 3584 et
837 3520 1012 3586 liberorum
1038 3520 1219 3605 patriaeque

166 3620 200 3667 ao
219 3608 374 3672 memoria
396 3609 544 3673 occurrit.
586 3605 648 3671 Sed
671 3607 730 3672 has
752 3608 977 3693 cogitationes,
999 3608 1059 3674 has
1082 3611 1166 3674 inter
1187 3627 1218 3672 se
1275 3639 1276 3654 π
