2600 4096
204 161 269 227 208
574 158 606 226 Q.
626 159 736 216 GURTI
753 160 839 215 RUFI

204 325 393 390 magnorum
418 305 577 370 montium
608 304 685 389 iuga
710 307 800 370 recto
834 304 925 369 alveo
957 303 1101 388 stringit:
1134 302 1204 367 inde

170 406 278 460 oeum
301 395 447 459 obiectae
469 415 564 477 rupes
587 393 743 457 inclinant
761 391 801 457 ad
820 391 984 457 orientem.
1023 392 1132 473 Alter,
1154 391 1204 475 qui

205 483 301 548 rubro
327 483 409 547 mari
432 481 602 565 accipitur,
629 479 742 564 Indus,
764 480 852 565 ripas
876 480 1056 564 multasque
1080 481 1204 544 arbores

206 592 279 637 11111
297 591 415 655 magna
429 569 491 634 soli
508 572 600 652 parte
619 569 778 652 exsorbet,
797 569 881 634 saxis
897 590 1023 652 quoque
1039 567 1207 652 inpeditus,

171 660 277 745 'cquis
305 659 416 723 crebro
441 658 676 722 reverberatur:
707 656 763 722 ubi
790 656 922 722 mollius
950 657 1055 721 solnm
1083 656 1207 739 reperit,

171 758 188 808 8
208 750 339 832 stagnat
361 745 545 828 insulasque
568 745 710 810 molitur.
754 744 908 811 Acesines
931 766 1003 810 eum
1027 747 1140 830 auget:
1162 743 1207 808 de

207 856 373 899 cursurum
404 833 439 897 in
470 854 558 897 mare
584 833 684 899 Iocus
715 833 882 916 intercipit
912 853 1096 918 magnoque
1124 835 1208 897 motu

208 923 309 988 amnis
332 926 466 1005 uterque
488 921 664 1005 colliditur,
691 922 809 1005 quippe
832 943 981 1005 asperum
1004 944 1040 987 os
1065 921 1208 986 influenti

171 1024 188 1072 9
208 1010 309 1076 obicit
329 1032 388 1076 nec
406 1031 609 1093 repercussae
632 1031 733 1094 aquae
754 1009 878 1074 cedunt.
913 1007 1089 1075 Diardines
1108 1010 1208 1073 minus

208 1099 332 1164 celeber
363 1098 474 1163 auditu
506 1103 569 1182 est,
605 1098 681 1182 quia
715 1119 773 1181 per
807 1098 925 1162 ultima
954 1097 1070 1163 Indiae
1103 1098 1209 1162 currit:

208 1190 350 1252 ceterum
385 1208 451 1252 non
483 1186 660 1251 crocodilos
691 1186 788 1252 modo
819 1187 869 1251 uti
895 1184 991 1251 Nilus
1023 1185 1083 1251 sed
1116 1186 1209 1250 etiam

156 1286 190 1336 ιο
208 1274 377 1360 delphinos
400 1275 591 1358 ignotasque
615 1273 688 1339 aliis
716 1274 865 1359 gentibus
892 1274 1004 1340 beluas
1029 1275 1098 1340 alit.
1134 1274 1210 1357 Ety-

208 1363 372 1447 mandros,
394 1363 514 1428 crebris
538 1363 673 1427 flexibus
697 1362 830 1427 subinde
848 1366 1013 1446 curvatus,
1036 1363 1079 1426 ab
1099 1363 1209 1428 accolis

76 1495 79 1500 -
208 1451 389 1536 rigantibus
412 1450 568 1534 carpitur:
591 1472 629 1515 ea
651 1453 830 1533 causaest,
854 1471 910 1516 cur
927 1454 1041 1516 tenues
1060 1451 1210 1536 reliquias

157 1551 188 1600 11
208 1541 274 1605 iam
293 1540 362 1604 sine
379 1540 509 1604 nomine
531 1539 566 1603 in
585 1560 672 1603 mare
696 1539 831 1604 emittat
866 1538 980 1603 Multis
1003 1543 1137 1623 praeter
1157 1539 1211 1603 hos

209 1629 359 1694 amnibus
390 1631 462 1692 1111
488 1627 577 1711 regio
612 1626 776 1710 dividitur,
808 1627 863 1692 sed
894 1627 1110 1712 ignobilibus,
1143 1627 1212 1712 quia

157 1729 189 1778 12
208 1738 275 1782 non
293 1716 372 1781 adeo
390 1720 465 1780 uoto
480 1715 677 1780 interfluunt.
705 1711 854 1780 Ceterum
873 1737 954 1799 quae
971 1716 1130 1800 propiora
1144 1718 1212 1781 sunt

209 1805 305 1889 mari,
335 1803 483 1889 aquilone
510 1803 649 1868 maxime
676 1803 864 1870 deuruntur:
890 1803 919 1868 is
942 1803 1108 1869 cohibitus
1132 1804 1212 1887 iugis

209 1892 367 1958 montium
381 1892 422 1957 ad
439 1891 594 1957 interiora
610 1913 677 1956 non
695 1895 843 1975 penetrat
859 1891 906 1956 ita
924 1890 1049 1956 alendis
1067 1893 1212 1978 frugibus

159 1993 190 2042 13
210 1981 311 2045 mitia.
347 1979 409 2047 Sed
423 1980 503 2046 adeo
521 1979 557 2044 in
574 1979 632 2044 illa
645 1980 744 2064 plaga
757 1979 894 2044 mundus
909 1983 1012 2044 statas
1030 1984 1213 2065 temporum

209 2069 294 2132 vices
321 2071 438 2151 mutat,
469 2071 520 2152 ut,
552 2089 624 2132 cum
657 2068 722 2132 alia
751 2067 877 2133 fervore
909 2069 986 2134 solis
1016 2071 1213 2150 exaestuant,

209 2155 335 2220 Indiam
361 2155 453 2220 nives
480 2157 632 2238 obruant,
663 2177 850 2240 rrrrsusque,
879 2156 936 2221 ubi
962 2160 1071 2222 cetera
1098 2157 1214 2244 rigent,

210 2243 276 2308 illic
311 2242 532 2307 intolerandus
568 2247 676 2309 aestus
709 2245 835 2309 existat.
888 2242 970 2328 Neo,
1006 2266 1060 2310 cur
1097 2245 1147 2310 ibi
1183 2265 1213 2309 se

160 2345 192 2393 14
210 2335 326 2396 natura
342 2332 474 2414 11111111,
491 2335 578 2413 patet
600 2353 704 2398 causa
745 2331 835 2397 Mare
857 2337 957 2418 certe,
980 2353 1043 2417 quo
1066 2333 1214 2412 adluitur,

209 2442 249 2487 ne
281 2419 389 2486 colore
422 2419 551 2504 quidem
582 2420 736 2486 abhorret
766 2443 785 2485 1
816 2421 949 2486 ceteris.v
990 2420 1042 2486 Ab
1069 2421 1213 2506 Erythro

209 2529 285 2594 rege
309 2508 445 2575 inditum
468 2511 518 2574 est
538 2529 669 2593 nomen,
698 2512 831 2593 propter
857 2508 942 2593 quod
968 2507 1074 2593 ignari
1101 2510 1214 2575 rubere

212 2620 313 2684 aquas
333 2598 476 2664 eredunt.

159 2699 191 2748 15
299 2686 400 2751 Terra
417 2685 476 2750 lini
494 2685 597 2750 ferax:
616 2684 689 2750 inde
705 2685 868 2769 plerisque
886 2688 963 2750 sunt
979 2689 1095 2751 restes.
1127 2685 1253 2760 Libri31

212 2774 363 2838 arborum
389 2774 491 2839 teneri
519 2773 605 2838 haud
632 2794 723 2838 secus
752 2795 848 2857 quam
875 2773 1006 2838 chartae
1032 2774 1214 2840 litterarum

160 2875 192 2924 16
210 2863 305 2926 notas
336 2862 477 2945 capiunt
526 2861 612 2926 Aves
645 2861 685 2927 ad
714 2861 906 2926 imitandum
936 2861 1096 2927 humanae
1128 2861 1214 2930 vocis

212 2971 326 3015 sonum
350 2949 468 3014 dociles
491 2954 578 3032 sunt,
606 2950 759 3014 animalia
784 2949 952 3014 invisitata
977 2951 1092 3016 ceteris
1115 2951 1214 3037 genti-

211 3038 271 3103 bus
293 3037 357 3102 nisi
380 3037 516 3102 invecta.
560 3037 682 3102 Eadem
704 3042 792 3102 terra
814 3036 1034 3104 rhinocerotas
1054 3040 1129 3123 alit,
1150 3060 1214 3103 non

160 3139 193 3187 ¹⁷
211 3147 331 3279 iiiii
332 3124 616 3278 ᾖ·1(31ῗέ113111011
617 3126 777 3278 maliti
799 3125 1000 3298 uldini}
1001 3127 1215 3300 desiliat

523 3263 533 3295 l

161 3313 193 3364 18
212 3305 338 3367 Aurum
370 3301 503 3366 flumina
528 3301 662 3386 vehunt,
695 3324 775 3386 quae
806 3302 873 3366 leni
901 3302 1090 3387 modicoque
1124 3305 1214 3387 lapsu

161 3403 193 3453 19
213 3411 328 3476 segnes
356 3412 456 3476 aquas
484 3389 612 3454 ducunt.
662 3388 813 3455 Gemmas
842 3390 1101 3476 margaritasque
1128 3410 1214 3455 mare

212 3479 363 3546 litoribus
390 3477 548 3544 infundit:
580 3498 682 3563 neque
714 3479 779 3543 1111
810 3477 876 3542 illis
903 3479 1007 3544 maior
1035 3479 1214 3564 opulentiae

214 3590 311 3633 causa
347 3571 411 3651 est,
448 3567 559 3649 utique
594 3568 765 3651 postquam
803 3565 954 3631 vitiorum
992 3569 1214 3633 commercium
