2582 4098
209 178 270 243 128
579 177 610 245 Q.
629 176 739 234 GUR'I’I
756 176 843 233 RUFI

631 373 712 441 Car.
729 373 786 440 Ἦ.

172 509 186 559 1
293 497 358 564 Hic
385 519 462 563 vero
484 497 594 581 palam
615 497 808 583 cupiditates
831 518 907 562 suas
930 497 1028 562 solvit
1050 497 1252 564 continenlll

206 587 350 673 tiamque
371 588 405 651 et
427 584 689 666 moderationem,
711 585 747 650 in
766 585 926 651 altissima
943 605 1066 670 quaque
1086 585 1219 651 fortuna

207 674 384 740 eminentia
415 673 514 758 bona,
549 674 585 738 in
621 674 806 758 superbiam
841 695 880 748 ac
910 673 1077 738 lasciviam
1109 674 1219 738 vertit

171 763 336 829 aPatrics
363 783 469 827 mores
494 761 762 846 disciplinamque
788 761 999 827 Macedonum
1024 782 1145 846 regum
1174 783 1219 827 sa·

206 851 343 915 lubriter
364 853 579 934 temperatam
602 853 636 915 ct
656 850 784 916 civilem
811 849 960 915 habitum
981 850 1071 915 velut
1094 849 1220 915 leviora

208 937 429 1023 magnitudine
456 961 516 1004 sua
542 938 660 1003 ducens
686 937 834 1004 Persicae
860 938 970 1022 regiae
996 960 1055 1022 par
1082 937 1218 1003 deorum

172 1026 373 1111 apotentiae
395 1026 562 1112 fastigium
582 1026 817 1092 aemulabatur:
841 1027 958 1108 [iacere
976 1024 1067 1092 humi
1084 1048 1220 1090 venera·

208 1115 332 1180 bundos
358 1115 479 1199 ipsum]
506 1115 725 1200 paulatimque
753 1115 923 1181 servilibus
949 1115 1145 1180 ministeriis
1172 1119 1218 1178 tot

207 1205 346 1268 victores
373 1203 519 1290 gentium
545 1202 678 1269 inbuere
701 1206 735 1267 et
761 1203 897 1286 captivis
919 1223 1013 1287 pares
1034 1202 1147 1268 facere
1171 1224 1218 1266 ex·

172 1292 347 1375 apetebat
395 1291 509 1376 Itaque
531 1313 726 1376 purpureum
750 1290 897 1356 diadema
918 1290 1113 1360 distinctum
1137 1291 1218 1370 albo,

208 1381 302 1463 quale
323 1378 449 1446 Dareus
476 1371 650 1464 habderat,
680 1379 778 1463 capiti
800 1378 1011 1444 circumdedit
1032 1382 1218 1464 vestemque

207 1466 370 1533 Persicam
398 1467 549 1552 sumpsit,
577 1489 619 1532 ne
646 1489 740 1533 omen
767 1466 895 1553 quidem
921 1467 1056 1550 veritus,
1083 1469 1176 1552 quod
1202 1489 1218 1530 a

174 1557 342 1622 arictoris
370 1556 554 1640 insignibus
581 1557 615 1620 in
642 1556 760 1621 devicti
791 1556 946 1620 transiret
971 1555 1133 1622 habitum.
1178 1551 1219 1621 111

208 1645 263 1710 ille
290 1667 325 1710 se
353 1645 482 1728 quidem
510 1644 614 1729 spolia
641 1643 811 1710 Persarum
838 1648 965 1730 gestare
992 1643 1138 1726 dicebat,
1167 1641 1216 1708 scd

209 1755 281 1798 cum
298 1733 366 1798 illis
380 1753 506 1817 quoque
520 1753 624 1798 mores
641 1731 805 1816 induerat,
824 1732 1070 1816 superbiamque
1083 1731 1216 1798 habitus

173 1822 308 1887 eanimi
330 1820 504 1886 insolentia
527 1821 733 1905 sequebatur:
757 1856 799 1868 -
822 1820 950 1885 litteras
973 1841 1115 1905 quoque,
1141 1841 1216 1906 quas

208 1911 243 1974 in
259 1909 427 1993 Europam
444 1909 597 1994 mitteret,
618 1909 736 1974 veteris
757 1907 846 1974 anuli
865 1928 993 1993 gemma
1013 1908 1217 1994 obsignabat,

208 1999 263 2079 iis,
294 2019 373 2081 quas
401 1997 436 2061 in
462 1998 577 2062 Asiam
604 1997 771 2081 scriberet,
798 1995 896 2060 Darei
923 1997 1039 2060 anulus
1067 1998 1217 2080 inprime·

209 2086 318 2150 batur:
352 2119 391 2132 -
415 2088 453 2148 ut
479 2085 648 2168 adpareret
678 2107 777 2150 unum
810 2085 953 2148 animum
986 2085 1123 2149 duorum
1157 2105 1216 2149 non

174 2187 323 2256 rcapere
345 2171 517 2237 fortunam.
562 2172 694 2238 Amicos
712 2194 788 2238 vero
808 2176 841 2238 et
862 2173 985 2256 equites
1007 2209 1050 2221 -
1072 2173 1110 2237 hi
1132 2194 1216 2238 naru-

210 2281 271 2344 que
302 2259 463 2344 principes
495 2259 636 2324 militum
667 2296 710 2308 -
743 2264 950 2344 aspernantes
984 2260 1132 2346 quidem,
1166 2259 1215 2326 scd

44 2357 45 2364 ’
174 2371 191 2421 s
210 2369 357 2414 recusare
379 2369 446 2412 non
467 2369 563 2414 ausos
585 2348 723 2414 Persicis
746 2351 917 2415 ornaverat
938 2349 1094 2414 vestibus.
1134 2349 1215 2414 Peli·

209 2458 262 2502 ces
282 2452 346 2503 ccc
360 2440 394 2501 et
407 2454 487 2517 axv,
505 2437 642 2502 totidem
660 2440 740 2522 quot
758 2437 856 2502 Darei
873 2436 1012 2522 fuerant,
1029 2439 1156 2523 regiam
1173 2438 1214 2502 in·

209 2527 353 2611 plebem,
377 2547 456 2612 quas
480 2526 660 2609 spadonum
681 2545 806 2610 greges,
828 2528 862 2590 et
878 2525 941 2608 ipsi
959 2525 1131 2590 muliebria
1150 2524 1214 2611 pati

174 2639 191 2688 9
210 2615 343 2697 adsueti,
367 2615 592 2699 sequebantur.
635 2612 725 2678 Haec
747 2615 822 2678 luxu
845 2616 878 2677 et
900 2614 1079 2697 peregrinis
1098 2613 1246 2679 infectall

209 2703 353 2768 moribus
376 2708 500 2768 veteres
518 2703 662 2786 Philippi
680 2702 810 2785 milites,
831 2701 920 2766 rudis
938 2702 1029 2767 natio
1048 2702 1090 2766 ad
1108 2705 1213 2785 volup·

209 2796 308 2875 tates,
336 2791 445 2874 palam
472 2791 704 2856 aversabantur
730 2791 874 2874 totisque
901 2789 1016 2854 castris
1041 2813 1124 2856 unus
1152 2812 1213 2856 om·

209 2879 298 2943 nium
330 2899 441 2942 sensus
472 2900 510 2943 ac
541 2901 646 2944 sermo
675 2881 758 2962 erat,
788 2878 862 2960 plus
892 2878 1048 2942 amissum
1074 2879 1214 2957 victoria,

158 2985 192 3034 ιο
212 2988 308 3050 quam
335 2966 422 3030 bello
450 2987 520 3031 esse
547 2967 741 3050 quaesitum:
773 2971 839 3032 iam
866 2987 937 3030 cum
965 2967 1106 3031 maxime
1130 2965 1213 3032 ¹uinci

209 3057 298 3138 ipsos
327 3053 461 3137 dedique
490 3055 602 3120 alienis
629 3055 773 3120 moribus
799 3057 833 3118 et
860 3049 1010 3119 externis.
1055 3053 1127 3130 Quo
1148 3059 1213 3119 tan·

210 3144 283 3207 dem
313 3163 368 3208 ore
394 3141 507 3207 domos
535 3143 627 3227 quasi
653 3143 687 3206 in
715 3143 842 3226 captivo
869 3142 984 3207 habitu
1010 3140 1212 3208 reversuros?

210 3231 334 3295 Pudere
357 3230 423 3295 iam
447 3231 506 3294 sui.
550 3229 672 3316 Regem
694 3231 789 3296 victis
809 3253 904 3315 quam
921 3231 1098 3297 victoribus
1118 3229 1210 3296 simil·

209 3320 310 3383 iorem
325 3339 363 3383 ex
377 3317 583 3385 Macedoniae
601 3321 796 3403 imperatore
808 3318 908 3384 Darei
923 3322 1075 3403 satrapen
1087 3319 1212 3384 factum

162 3425 192 3474 11
211 3405 271 3471 Ille
293 3429 359 3472 non
380 3407 526 3493 ignarus,
549 3411 583 3473 et
603 3409 764 3492 principes
788 3408 964 3472 amicorum
988 3411 1021 3472 et
1044 3409 1211 3473 exercitum

210 3496 353 3580 graviter
373 3496 498 3579 offendi,
522 3497 660 3581 gratiam
680 3495 875 3560 liberalitate
895 3495 1050 3579 donisque
1069 3515 1210 3580 reparare

210 3584 403 3668 temptabat.
450 3581 524 3666 Sed,
547 3583 670 3667 opinor,
692 3583 803 3648 liberis
826 3584 966 3668 pretium
990 3583 1156 3648 servitutis
1169 3584 1210 3647 in·
