2552 4108
193 125 238 191 30
563 125 594 190 Q.
614 123 723 180 CURTI
740 123 828 179 RUFI

191 269 379 354 redduntur,
424 269 538 354 quibus
578 272 615 334 nt
654 269 789 353 superbe
825 269 952 352 scriptis
992 267 1210 335 vehementer

192 358 331 424 offensus
354 362 416 422 est:
447 357 617 442 praecipue
640 379 712 422 eum
734 357 847 442 movit,
878 357 962 442 quod
985 355 1124 422 Dareus
1150 359 1210 422 sibi
1258 361 1259 444 ᾗ

191 447 276 531 regis
307 447 438 511 titulum
467 467 527 510 nec
558 445 692 509 eundem
723 444 898 510 Alexandri
923 445 1047 510 nomini
1084 446 1209 511 adseri·

157 539 308 617 spserat
343 534 533 599 Postulabat
555 536 662 598 autem
684 534 787 618 magis
810 555 906 618 quam
927 533 1069 618 petebat,
1096 538 1141 600 ut
1162 557 1209 600 ac

191 626 284 707 cepta
304 623 448 707 pecunia,
471 625 760 707 quantamcumque
776 625 846 687 tota
858 621 1047 686 Macedonia
1059 627 1211 708 caperet,

189 714 326 775 matrem
358 711 419 775 sibi
450 714 483 775 et
511 711 680 795 coniugem
706 711 886 794 liberosque
912 709 1112 775 restitueret
1163 711 1210 776 De
1257 714 1258 743 ¹

156 819 291 882 oregno
315 819 429 882 aequo,
459 798 488 863 si
504 799 608 882 vellet,
629 797 733 862 Marte
760 798 976 863 contenderet.
1008 795 1043 862 Si
1066 798 1211 864 saniora

191 886 325 950 consilia
342 886 473 950 tandem
490 887 560 970 pati
576 887 742 972 potuisset,
763 889 932 951 contentus
947 886 1054 970 patrio
1069 887 1210 952 cederet

191 973 287 1037 alieni
313 975 438 1058 imperii
464 974 595 1056 finibus,
625 974 729 1039 socius
755 974 935 1058 amicusque
957 977 1050 1038 esset.
1100 974 1148 1040 In
1172 997 1209 1040 ea

140 1082 172 1130 10
191 1083 224 1125 se
253 1062 348 1126 fidem
380 1066 412 1126 et
442 1061 517 1127 dare
538 1066 686 1146 paratum
709 1064 741 1126 et
762 1062 913 1148 accipere.
957 1060 1079 1127 Oontra
1106 1063 1208 1129 Alex-

192 1149 290 1214 ander
328 1151 363 1214 in
400 1149 486 1216 huno
525 1152 662 1216 maxime
702 1150 832 1215 modum
871 1150 1056 1233 rescripsit:
1119 1151 1207 1216 ‘Rex

191 1236 371 1303 Alexander
393 1237 498 1304 Dareo
522 1237 552 1304 S.
601 1237 697 1304 Ouiua
724 1260 843 1303 nomen
864 1238 1043 1322 sumpsisti,
1069 1237 1206 1304 Dareus

191 1323 351 1411 Graecos,
378 1327 433 1411 qui
469 1348 556 1391 oram
589 1325 792 1410 Hellesponti
826 1329 951 1411 tenent,
987 1327 1206 1413 coloniasque

191 1411 384 1480 Graecorum
414 1413 522 1481 Ionias
550 1415 638 1479 omni
669 1415 757 1479 clade
787 1415 938 1496 vastavit,
970 1436 1041 1479 oum
1074 1438 1204 1502 magno

191 1501 303 1567 deinde
340 1503 478 1567 exercitu
513 1523 600 1566 mare
635 1503 761 1567 traiecit
790 1503 891 1567 inlato
910 1502 1138 1568 Macedoniae
1173 1507 1205 1568 et

140 1609 171 1657 11
191 1589 343 1656 Graeciae
366 1591 459 1655 bello.
494 1588 617 1654 Rursus
638 1588 759 1656 Xerxes
783 1591 888 1676 gentis
911 1590 1051 1655 eiusdem
1075 1593 1121 1656 ad
1148 1614 1204 1677 op·

189 1678 381 1764 pugnandos
421 1699 482 1742 nos
517 1699 590 1742 oum
624 1678 812 1742 immanium
847 1678 1056 1745 barbarorum
1092 1680 1203 1764 copiis

189 1768 293 1832 venit:
317 1766 371 1850 qui
393 1767 502 1832 navali
522 1766 642 1850 proelio
664 1767 767 1832 victus
789 1765 993 1831 Mardonium
1013 1770 1129 1832 tamen
1153 1790 1202 1832 re-

189 1855 284 1937 liquit
304 1855 341 1918 in
362 1853 508 1938 Graecia,
530 1857 567 1919 ut
589 1855 703 1920 absens
726 1875 851 1939 quoque
868 1856 1075 1938 popularetur
1090 1857 1201 1940 urbes,

140 1961 171 2008 12
191 1963 285 2026 agros
307 1946 422 2007 ureret.
464 1941 649 2026 Philippum
672 1965 759 2027 vero,
785 1946 950 2026 parentem
972 1964 1092 2028 meum,
1126 1946 1201 2028 quis

190 2029 320 2112 ignorat
341 2030 381 2093 ab
403 2031 443 2094 iis
465 2031 666 2094 interiectum
686 2051 764 2115 esse,
786 2052 865 2114 quos
883 2031 1024 2115 ingentis
1037 2033 1199 2113 pecuniae

149 2127 151 2132 '
191 2137 247 2200 spe
275 2117 524 2181 sollicitaverant
545 2118 664 2183 vestri?
702 2117 795 2201 lupia
817 2119 902 2182 enim
924 2119 1008 2183 bella
1031 2121 1198 2204 suscipitis

191 2209 232 2288 et,
254 2225 326 2268 cum
348 2204 494 2269 habeatis
517 2227 620 2288 arma,
641 2206 781 2270 licemini
802 2206 944 2270 hostium
967 2207 1087 2291 capita:
1111 2209 1199 2273 sicut

190 2295 226 2356 tu
248 2292 392 2375 proxime
413 2292 544 2358 talentis
565 2294 665 2378 mille,
691 2294 776 2358 tanti
798 2295 954 2359 exercitus
976 2316 1044 2381 rex,
1066 2316 1198 2379 percus-

141 2399 172 2447 13
192 2402 296 2445 sorem
327 2381 363 2446 in
388 2402 440 2446 me
467 2402 569 2446 emere
596 2382 732 2447 voluisti.
780 2381 911 2466 Repello
938 2382 1038 2468 igitur
1063 2383 1197 2466 bellum,

191 2491 257 2534 non
288 2469 401 2535 infero.
445 2468 491 2534 Et
519 2469 551 2534 di
580 2467 704 2554 quoque
730 2492 789 2554 pro
816 2471 946 2534 meliore
973 2474 1062 2535 stant
1084 2493 1197 2536 causa:

191 2579 343 2643 magnam
369 2561 493 2642 partem
516 2557 612 2622 Asiae
638 2559 673 2622 in
695 2558 852 2623 dicionem
877 2559 986 2643 redegi
1012 2581 1130 2645 meam,
1164 2563 1196 2623 te

191 2647 296 2816 {litt
311 2647 499 2817 iiidie
514 2645 808 2799 lltdldll
822 2647 1196 2800 tmlldlassssllt·

191 2822 245 2905 ris,
267 2824 384 2907 tamen,
407 2822 436 2887 si
444 2758 580 2889 qveneris
604 2757 745 2906 suppiex,
767 2825 799 2886 et
819 2825 957 2886 matrem
975 2826 1007 2886 et
1025 2823 1195 2908 coniugem

142 2929 173 2977 14
192 2912 224 2974 et
252 2909 369 2974 liberos
399 2911 467 2974 sine
495 2911 598 2994 pretio
624 2914 826 2994 recepturum
852 2931 920 2974 esse
942 2911 1104 2994 promitto.
1148 2911 1196 2975 Et

191 2998 317 3063 vincere
348 3000 380 3062 et
412 3001 575 3064 consulere
610 3000 702 3064 vietis
739 2999 813 3063 scio.
863 2997 955 3073 Quod
985 2999 1013 3062 si
1043 3002 1076 3063 te
1108 3021 1193 3064 com-

190 3085 318 3165 mittere
340 3085 434 3150 nobis
455 3086 563 3170 times,
589 3087 735 3151 dabimus
756 3086 850 3151 fidem
872 3087 992 3170 inpune
1013 3089 1194 3152 venturum.

190 3172 239 3238 De
262 3177 375 3256 cetero,
398 3195 469 3238 cum
492 3175 570 3238 mihi
591 3176 718 3259 scribes,
740 3177 899 3239 memento
917 3197 984 3240 non
1002 3177 1106 3240 solum
1124 3174 1193 3259 regi

189 3265 232 3346 te,
255 3262 310 3327 sed
327 3262 423 3326 etiam
437 3265 493 3326 tuo
508 3262 664 3328 scribere?
699 3258 752 3328 Ad
764 3263 848 3328 hano
860 3263 1080 3347 perferendam
1093 3262 1192 3328 Ther-

191 3351 300 3433 sippus
324 3353 373 3415 est
394 3350 519 3415 missus.

139 3458 171 3507 15
277 3438 317 3503 In
329 3437 513 3504 Phoenicen
533 3439 640 3505 deinde
661 3439 823 3505 descendit
845 3441 877 3503 et
899 3439 1051 3523 oppidum
1064 3433 1221 3524 Byblon3

189 3526 341 3592 traditum
369 3528 497 3612 recepit
537 3527 615 3593 Inde
642 3528 682 3592 ad
705 3527 825 3593 Sidona
851 3533 982 3593 ventum
1004 3530 1061 3614 est,
1082 3527 1190 3592 urbem
