2602 4094
238 213 492 270 msuofflnaun
510 213 725 269 ALEXANDRI
743 214 830 285 VIIII,
849 221 875 270 9.
894 221 935 271 10.
1021 215 1086 279 253

80 361 246 441 narentur,
271 359 389 444 ignari,
413 357 532 424 famem
555 362 588 423 ct
610 359 728 424 ultima
750 360 880 424 sibimet
900 360 1086 425 emineban-

80 451 141 512 tur.
177 446 299 512 Beluae
317 468 443 533 quoque
461 448 611 512 fluctibus
629 448 802 512 destitutae
815 448 976 513 terribiles
991 469 1087 533 vaga·

29 537 208 600 3lbantur.
253 534 385 619 Iamque
412 556 475 600 nox
503 536 675 620 adpetebat
698 541 731 602 et
752 556 863 620 regem
885 558 1011 622 quoque
1035 537 1085 601 de·
1106 549 1139 597 as

81 624 224 707 speratio
257 625 372 688 salutis
409 624 610 708 aegritudine
644 624 815 690 adfecerat.
869 623 944 689 Non
978 631 1088 690 tamen

79 712 237 776 invictum
259 713 401 776 animum
424 734 518 777 curae
542 714 691 797 obruunt,
714 714 792 798 quin
812 717 886 778 tota
905 720 998 779 noete
1017 735 1087 798 per·

80 800 201 865 rideret
242 801 276 864 in
313 800 452 884 speculis
492 802 680 887 equitesque
719 803 942 885 praemitteret
977 802 1017 867 ad
1051 823 1087 868 os

81 889 200 972 amnis,
234 892 283 972 ut,
314 909 388 954 cum
419 910 508 954 mare
540 911 651 954 rursus
688 893 874 956 exaestuare
906 890 1088 973 sensissent,

79 977 317 1061 praecederent.
365 977 506 1063 Navigia
539 999 665 1064 quoque
696 980 730 1041 et
760 978 904 1044 lacerata
940 979 1029 1044 refici
1056 985 1088 1044 et
1106 989 1139 1039 24

80 1086 195 1131 eversa
222 1066 371 1131 fluctibus
399 1067 481 1151 erigi
502 1067 593 1131 iubet
614 1069 810 1150 paratosque
834 1088 905 1132 esse
927 1072 962 1132 et
982 1069 1087 1133 inten-

80 1158 147 1238 tos,
182 1175 256 1219 cum
290 1175 401 1219 rursus
438 1175 525 1219 mare
560 1158 663 1219 terras
694 1154 891 1220 inundasset
939 1155 1023 1221 Tota
1050 1177 1088 1223 ea
1107 1166 1141 1215 25

80 1246 176 1307 nocte
199 1242 283 1308 inter
305 1243 435 1328 vigilias
462 1243 765 1327 adhortationesque
793 1247 984 1327 consumpta
1008 1245 1087 1310 cele·

80 1331 163 1395 riter
189 1334 222 1395 et
245 1331 369 1416 equites
396 1332 523 1418 ingenti
546 1354 640 1397 cursu
663 1331 808 1417 refugere
831 1336 864 1396 at
886 1335 1014 1396 secutus
1038 1337 1089 1399 est

80 1423 201 1484 aestus.
236 1418 299 1495 uui
316 1420 422 1504 primo
442 1422 534 1505 aquis
552 1420 618 1485 leni
634 1424 742 1485 tractu
756 1421 967 1485 subeuntibus
982 1421 1089 1504 coepit

80 1508 188 1573 levare
206 1507 345 1594 navigia,
368 1531 442 1574 mox
462 1509 540 1574 totis
558 1510 679 1593 campis
697 1508 860 1574 inundatis
880 1508 980 1574 etiam
996 1509 1087 1592 inpu-

80 1595 121 1660 lit
144 1596 290 1662 classem.
330 1596 468 1662 Plausus
494 1597 634 1662 militum
655 1597 921 1682 nauticorumque
943 1597 1086 1681 inspera-
1106 1608 1140 1658 ae

81 1687 151 1748 tam
177 1684 315 1750 salutem
341 1685 513 1752 immodico
538 1685 768 1750 celebrantium
796 1685 914 1770 gaudio
936 1686 1087 1751 litoribus

81 1772 226 1858 ripisque
242 1774 424 1839 resonabat.
455 1772 548 1839 Unde
565 1777 694 1840 tantum
711 1774 849 1840 redisset
866 1774 973 1840 subito
992 1795 1088 1856 mare,

81 1883 145 1944 quo
163 1861 267 1945 pridie
285 1861 473 1946 refugisset,
496 1883 653 1946 quaenam
671 1867 757 1927 esset
775 1863 917 1927 eiusdem
937 1863 1088 1927 elementi

80 1953 209 2032 natura,
230 1949 327 2016 modo
359 1951 494 2035 discors,
525 1950 620 2016 modo
652 1951 786 2034 imperio
818 1956 1000 2036 temporum
1032 1950 1087 2015 ob·

80 2038 192 2121 noxia,
224 2039 408 2104 mirabundi
428 2039 642 2125 requirebant.
677 2037 747 2103 Rex
769 2059 842 2103 cum
867 2059 905 2103 ex
929 2061 981 2122 eo,
1004 2038 1087 2124 quod
1106 2049 1139 2098 27

82 2126 255 2210 accideret,
279 2127 474 2193 coniectaret
491 2131 567 2212 post
585 2127 663 2192 solis
687 2131 794 2193 ortum
816 2130 938 2192 statum
958 2131 1087 2211 tempus

82 2235 166 2297 esse,
194 2215 300 2280 media
325 2219 434 2300 nocte,
461 2219 497 2280 ut
525 2220 648 2281 aestum
672 2219 855 2300 occuparet,
882 2237 954 2281 cum
976 2217 1087 2301 paucis

81 2303 222 2388 navigiis
250 2302 390 2370 secundo
417 2326 510 2369 amne
536 2304 676 2369 defluxit.
725 2303 928 2389 Evectusque
955 2326 992 2369 os
1019 2305 1087 2369 eius

81 2407 171 2458 cccc
194 2391 301 2457 stadia
322 2393 481 2475 processit
502 2393 536 2456 in
559 2415 661 2477 mare,
688 2394 820 2459 tandem
842 2394 912 2458 voti
935 2393 986 2458 sui
1003 2414 1087 2457 com-

80 2501 157 2564 pos:
179 2479 443 2565 praesidibnsque
466 2485 499 2544 et
520 2483 619 2546 maris
642 2484 676 2547 et
697 2483 843 2547 locorum
863 2480 913 2544 dis
932 2480 1086 2545 sacrificio

80 2569 170 2634 facto
193 2568 234 2633 ad
257 2569 394 2634 classem
416 2569 521 2634 rediit.

516 2727 595 2794 Gur.
617 2727 656 2793 X.

35 2832 72 2898 38
172 2832 257 2899 Hinc
280 2833 450 2899 adversum
471 2834 591 2899 flumen
613 2833 700 2898 subit
723 2831 837 2896 classis
860 2835 894 2896 et
917 2832 1019 2897 altero
1037 2831 1087 2896 die
1108 2843 1121 2890 1

82 2922 219 3005 adpulsa
246 2923 296 2987 est
321 2921 407 2986 haud
434 2923 545 3006 procul
573 2921 644 2986 lacu
672 2921 773 3004 salso,
805 2919 895 2985 cuius
922 2919 1089 3004 incognita

81 3015 200 3075 natura
234 3011 405 3096 plerosque
442 3009 568 3094 decepit
606 3012 728 3074 temere
763 3010 927 3094 ingressos
963 3029 1088 3092 aquam.

83 3097 209 3183 Quippe
241 3099 365 3164 scabies
397 3119 534 3182 corpora
565 3098 685 3163 invasit
713 3100 746 3163 et
772 3098 956 3182 contagium
984 3096 1089 3160 morbi

83 3188 183 3252 etiam
214 3187 249 3252 in
281 3188 362 3252 alios
393 3187 564 3272 vulgatum
595 3190 654 3251 est
703 3185 818 3250 Oleum
847 3186 989 3252 remedio
1017 3184 1088 3249 fuit.

82 3274 249 3342 Leonnato
281 3275 395 3340 deinde
426 3276 618 3359 praemisso,
649 3277 687 3340 ut
717 3277 832 3359 puteos
859 3274 997 3357 foderet,
1025 3283 1122 3356 quaa

83 3365 231 3429 terrestri
243 3364 360 3429 itinere
375 3363 527 3429 ducturus
541 3364 715 3428 exercitum
729 3362 899 3428 videbatur
914 3397 952 3410 -
970 3362 1088 3447 quippe

84 3454 169 3520 sicca
192 3456 262 3518 erat
283 3453 373 3538 regio
395 3487 434 3500 -
454 3452 523 3536 ipse
546 3473 619 3517 cnm
641 3452 743 3537 copiis
765 3451 926 3534 substitit,
954 3473 1088 3516 vernum

83 3544 210 3625 tempus
230 3545 408 3625 expectans.
440 3540 574 3606 Interim
592 3543 625 3604 et
642 3540 739 3606 urbes
752 3541 923 3625 plerasque
936 3539 1088 3604 condidit.

83 3627 232 3696 Nearcho
251 3633 348 3714 atque
363 3628 544 3696 Onesicrito
557 3629 706 3695 nauticae
720 3630 767 3693 rei
780 3627 894 3712 peritis
907 3627 1089 3710 imperarit,
1107 3638 1122 3686 3
