2602 4094
202 179 269 245 260
574 181 605 246 Q.
625 178 735 236 CURTI
751 179 838 236 amu

201 325 320 408 fatum,
351 325 441 390 cuius
468 325 667 390 inevitabilis
695 346 765 389 sors
793 328 857 407 est,
884 324 1064 408 adpetebat.
1110 321 1201 388 Forte

203 413 289 478 enim
311 413 493 497 sepulcrum
514 410 593 497 cyri
615 412 798 478 Alexander
819 412 916 478 iussit
937 413 1064 496 aperiri,
1088 412 1123 476 in
1146 431 1202 495 quo
1275 470 1277 481 ,

203 505 273 567 erat
299 502 462 568 conditum
490 501 558 566 eius
587 523 716 585 corpus,
743 501 795 566 cui
817 501 893 566 darc
915 501 1046 566 volebat
1067 499 1205 566 inferiae.
1276 532 1278 563 l

151 589 293 655 3111111
321 592 520 675 argentoque
546 591 706 673 repletum
728 609 799 654 esse
822 589 1003 654 crediderat
1026 626 1066 636 —
1092 588 1206 674 quippe

203 678 251 744 ita
278 678 367 744 fama
392 678 510 742 Persae
536 679 808 762 vulgaverant-
832 677 889 741 1111
915 681 1044 760 praeter
1070 677 1207 760 clipeum

204 767 272 832 eius
294 771 423 850 putrem
445 768 478 830 ct
498 787 591 831 arcus
611 767 690 832 duos
710 763 876 850 Scythicos
896 768 929 830 et
947 765 1112 831 acinacem
1130 762 1208 829 nihil

152 866 185 914 11
204 855 356 938 repperit
391 851 541 919 (laterum
565 877 682 920 corona
704 876 803 920 aurea
824 853 967 937 inposita
987 855 1138 936 amiculo,
1161 850 1208 917 cui

205 943 395 1008 adsueverat
420 943 503 1027 ipse,
534 943 666 1026 solium,
695 943 729 1010 in
757 964 820 1026 quo
847 962 962 1026 corpus
989 942 1132 1021 iacebat,
1159 961 1209 1005 ve·

204 1031 298 1114 lavit,
325 1031 462 1096 miratus
488 1033 574 1096 tanti
600 1031 739 1096 nominis
767 1052 877 1116 regem
903 1032 1005 1096 tantis
1027 1031 1209 1115 praeditum

206 1120 321 1202 opibus
343 1119 430 1185 haud
451 1119 623 1203 pretiosius
647 1119 809 1203 sepultum
828 1141 910 1204 esse,
933 1141 1030 1203 quam
1050 1121 1077 1184 si
1096 1119 1209 1184 fuisset

153 1219 187 1266 33
206 1230 223 1273 e
244 1207 347 1291 plebe.
390 1207 559 1273 Proximus
587 1211 657 1274 erat
683 1207 777 1272 lateri
805 1206 918 1292 spado,
950 1209 1004 1293 qui
1032 1228 1144 1294 regem
1167 1206 1210 1270 in-

205 1301 314 1379 tuens,
337 1295 433 1374 ‘Quid
456 1294 597 1380 mirum,'
619 1296 737 1380 inquit,
761 1295 822 1361 ‘est
844 1296 955 1361 inania
972 1297 1120 1380 sepulcra
1143 1315 1209 1360 esse
1285 1288 1286 1310 ¹

204 1407 330 1471 regum,
358 1406 430 1450 cum
457 1389 660 1468 satraparum
687 1383 800 1449 domus
831 1407 945 1449 aurum
966 1384 1040 1449 inde
1065 1387 1209 1470 egestum

153 1485 188 1532 34
206 1495 320 1558 capere
345 1494 411 1539 non
437 1473 585 1557 possint?
626 1472 720 1548 Quod
747 1473 787 1538 ad
814 1495 865 1537 ma
894 1472 1023 1556 attinet,
1054 1474 1124 1556 ipse
1151 1472 1210 1536 hoc

206 1564 338 1628 bustum
365 1566 461 1626 antea
487 1583 553 1626 non
578 1561 735 1644 videram,
763 1561 819 1626 sed
843 1583 880 1626 ex
898 1561 1005 1627 Dareo
1028 1561 1077 1627 ita
1095 1559 1210 1643 accepi,

154 1663 246 1716 15111
265 1650 356 1715 milia
377 1649 536 1714 talenbim
563 1650 691 1714 condita
719 1671 787 1714 esse
810 1671 882 1714 oum
905 1647 1001 1733 Cyro.
1046 1649 1131 1715 Hinc
1154 1648 1210 1714 illa
1285 1622 1286 1706 t

206 1738 391 1824 benignitas
414 1738 448 1802 in
465 1742 508 1823 te,
529 1742 575 1820 ut,
598 1738 684 1823 quod
706 1738 836 1821 impune
858 1738 978 1803 habere
995 1760 1062 1804 non
1083 1740 1209 1822 poterat

155 1826 640 1912 3601111111,111111111111111111
664 1827 803 1910 gratiam
816 1824 945 1910 ¹iniret?
986 1824 1209 1892 Concitaverat

208 1917 273 1981 iam
297 1917 441 1981 animum
464 1915 615 1999 inirem,
638 1936 710 1978 cum
733 1915 777 1997 hi,
799 1914 915 1999 quibus
938 1917 1106 2003 negotium
1127 1915 1209 1979 idem
1285 1955 1286 2014 ,

208 2003 353 2088 dederat,
376 2004 612 2087 superveniunt.
649 2001 734 2066 Hinc
755 2001 894 2087 Bagoas,
915 2003 991 2068 binc
1014 2004 1054 2068 ab
1079 2024 1117 2068 11
1139 2002 1209 2068 sub·
1285 2043 1286 2084 ,

157 2091 315 2156 aromati
347 2091 440 2156 falsis
468 2092 654 2156 criminibus
690 2096 847 2174 occupant
879 2112 981 2156 aures.
1028 2092 1209 2174 Antequam

209 2179 356 2244 accusari
377 2201 411 2244 se
435 2180 664 2263 suspicaretur,
687 2178 817 2244 01111111
840 2180 875 2243 in
900 2180 1025 2245 vincula
1046 2184 1097 2244 est
1116 2179 1209 2244 tradi·

209 2272 272 2333 tus.
304 2266 379 2332 Non
397 2271 565 2332 contentus
583 2267 743 2351 supplicio
762 2267 901 2333 insontis
919 2269 1019 2352 spado
1034 2269 1103 2353 ipsc
1117 2267 1209 2332 mori-

209 2360 284 2422 turo
307 2377 437 2422 manum
459 2355 578 2422 iniecit.
623 2356 724 2433 Quem
753 2353 884 2421 Orsines
907 2356 1050 2437 intuens,
1081 2355 1209 2420 ‘Audie-

210 2444 311 2530 ram,’
343 2445 460 2530 inquit,
495 2443 546 2509 ‘ia
577 2443 656 2509 Asia
688 2443 766 2510 111111
792 2465 946 2530 regnasse
971 2444 1122 2528 feminae,
1153 2445 1211 2508 hoo
1285 2497 1286 2529 ,

158 2545 192 2596 38
210 2556 285 2601 vero
313 2557 432 2600 novum
459 2539 510 2599 est
535 2552 670 2618 regnare
694 2531 898 2598 castratum?
930 2531 993 2598 Hic
1019 2533 1083 2598 fuit
1110 2533 1209 2598 exitus

210 2623 407 2689 nobilissimi
428 2621 600 2688 Persarum
621 2643 681 2686 nec
702 2621 839 2686 insontis
863 2620 972 2706 modo,
998 2620 1054 2686 1111
1077 2621 1210 2686 eximiae
1285 2588 1286 2675 t

159 2724 193 2772 ³⁹
213 2708 1038 2882 1111111111111111ξὲῗὲῗέ110111111ἲρ
1040 2710 1212 2882 ttllsst

211 2909 276 2954 rex
304 2909 373 2951 esse
395 2909 546 2972 praeceps
577 2887 617 2952 ad
643 2886 913 2970 repraesentanda
938 2887 1109 2972 supplicia,
1138 2888 1212 2952 item

161 2977 253 3042 41111
284 2975 444 3041 deteriora
477 2975 645 3041 credenda:
682 2975 804 3040 scilicet
835 2996 885 3039 res
918 2974 1074 3040 secundae
1106 2975 1213 3040 valent

214 3068 411 3132 commutare
433 3069 583 3131 naturam
606 3069 735 3130 111111
758 3063 928 3148 quisquam
952 3084 1029 3149 erga
1052 3064 1138 3129 bona
1158 3083 1213 3127 sua

214 3155 294 3220 satis
322 3156 435 3218 cautus
463 3155 521 3217 est.
569 3151 659 3217 Idem
688 3153 772 3217 enim
798 3153 896 3235 paulo
925 3156 998 3216 ante
1025 3151 1213 3235 Lyncestem

214 3242 431 3307 Alexandrum
454 3240 593 3305 delatum
615 3264 636 3304 a
653 3240 778 3306 duobus
800 3240 960 3306 indicibus
982 3239 1135 3305 damnare
1152 3260 1213 3305 non

163 3344 196 3392 41
215 3331 424 3415 sustinuerat,
450 3329 638 3394 humiliores
668 3350 792 3412 quoque
819 3349 891 3393 reos
915 3331 1027 3394 contra
1050 3350 1143 3393 suam
1164 3349 1213 3393 vo-

215 3420 381 3503 luntatem,
404 3417 480 3503 quia
503 3417 616 3482 ceteris
639 3417 830 3482 videbantur
853 3417 1006 3500 insontes,
1028 3438 1143 3500 passus
1164 3417 1212 3481 ab

215 3508 311 3591 solvi,
340 3507 488 3573 hostibus
512 3505 607 3569 victis
629 3526 729 3590 regna
755 3504 965 3570 reddiderat
984 3510 1050 3570 out
1070 3509 1212 3571 auxerat:

163 3609 197 3655 41
218 3595 257 3660 ad
281 3595 431 3660 ultimum
454 3594 501 3658 ita
525 3593 565 3680 ab
589 3595 760 3676 semetipso
784 3592 1002 3679 degeneravit,
1025 3596 1062 3658 ut
1079 3594 1210 3659 invictus
