2602 4094
190 222 256 286 244
561 222 592 289 Q.
612 221 722 279 cuum
738 223 825 278 RUFI

190 389 242 432 me
259 366 375 433 iudico.
405 365 474 432 Vos
493 367 578 432 enim
596 367 782 432 diuturnum
800 365 942 432 fructum
960 388 1000 431 ex
1018 387 1083 450 me,
1101 366 1200 431 forsi-

190 458 248 520 tan
266 455 364 521 etiam
383 458 572 541 perpetuum
590 455 753 539 percipere
767 455 919 539 cupiatis:
937 474 998 540 ego
1013 476 1064 520 me
1078 455 1200 520 metior

140 554 173 603 ra
190 565 256 610 non
274 545 391 609 aetatis
410 543 530 628 spatio,
549 543 605 608 sed
623 543 753 626 gloriae.
789 542 898 608 Licuit
915 544 1060 629 paternis
1079 543 1198 628 opibus

192 635 342 698 contento
361 633 448 697 intra
461 631 665 697 Macedoniae
683 632 839 697 terminos
857 651 916 716 per
934 632 1038 697 otium
1054 632 1198 714 corporis

192 725 360 805 expectare
387 721 557 785 obscuram
584 725 618 785 et
643 720 820 804 ignobilem
848 724 1059 803 senectutem,
1087 740 1200 804 quam-

192 808 1051 981 ttmfltltdnltttffl,lititdttffitzzl
1066 808 1199 961 trit

193 1006 281 1050 mors
304 987 448 1070 occupat.
484 984 606 1050 Verum
628 1006 703 1070 ego,
725 985 781 1070 qui
802 1007 869 1051 non
892 1007 992 1050 annos
1014 1006 1117 1068 meos,
1140 984 1200 1050 sed

193 1073 344 1139 victorias
370 1095 518 1158 numero,
548 1074 576 1138 si
603 1095 736 1138 munera
762 1074 912 1139 fortunae
938 1074 1021 1139 bene
1047 1077 1200 1157 conputo,

140 1173 175 1221 20
193 1162 248 1226 diu
265 1162 342 1227 vixi.
377 1161 478 1228 Orsus
493 1184 514 1226 a
527 1161 715 1227 Macedonia
732 1161 902 1246 imperium
921 1159 1074 1227 Graeciae
1091 1166 1199 1245 teneo,

193 1249 364 1316 Thraciam
386 1255 420 1316 et
441 1250 571 1335 Illyrios
594 1251 722 1335 subegi,
750 1250 905 1315 Triballis
927 1249 1115 1334 Maedisque
1137 1250 1199 1314 im-

192 1338 311 1423 perito,
332 1339 459 1423 Asiam,
484 1361 548 1423 qua
565 1339 790 1423 Hellesponto,
813 1359 876 1424 qua
897 1339 995 1404 rubro
1018 1338 1101 1403 mari
1123 1338 1200 1403 eub-

194 1428 303 1514 luitur,
316 1426 474 1511 possideo.
502 1427 635 1513 Iamque
648 1427 733 1492 haud
746 1427 858 1511 procul
872 1426 986 1492 absum
999 1427 1063 1492 fine
1077 1427 1201 1507 mundi,

145 1515 1201 1688 21iilllilsiagtrdissuldxalliiiaidtulldllbpabliienimidddmmddaeebild

194 1693 289 1758 unius
314 1693 413 1758 horae
439 1693 585 1757 transivi.
628 1691 744 1757 Victor
768 1692 934 1778 utriusque
955 1691 1098 1777 regionis
1121 1695 1202 1775 post

194 1802 313 1846 nonum
344 1780 436 1867 regni
469 1781 546 1864 mei,
581 1784 657 1865 post
691 1781 878 1846 vicesimam
913 1783 1010 1864 atque
1046 1783 1200 1846 octavum

194 1870 303 1936 maus
326 1891 454 1954 annum,
475 1869 624 1935 videorne
645 1869 739 1934 vobis
761 1869 796 1933 in
819 1868 990 1934 excolenda
1007 1868 1122 1953 gloria,
1144 1869 1199 1933 cui

195 1980 246 2022 me
265 1957 321 2022 uni
339 1957 467 2041 devovi,
484 1979 578 2041 posse
596 1956 744 2022 cessare?
772 1956 844 2041 Ego
861 1978 938 2022 vero
955 1977 1020 2023 non
1039 1956 1135 2021 deero
1154 1961 1200 2040 et,
1211 1959 1251 2023 26

194 2046 387 2131 ubicumque
405 2046 566 2132 pugnabo,
582 2046 617 2110 in
634 2045 761 2110 theatro
779 2049 937 2110 terrarum
956 2045 1043 2110 orbis
1059 2065 1131 2110 esse
1144 2066 1200 2109 me

144 2145 177 2194 aa
196 2133 331 2198 credam.
376 2133 469 2199 Dabo
491 2135 694 2199 nobilitatem
716 2134 915 2218 ignobilibus
937 2133 1031 2216 locis,
1053 2131 1200 2216 aperiam

196 2221 319 2286 cunctis
338 2222 489 2306 gentibus
507 2225 619 2306 terras,
638 2244 717 2307 quas
735 2225 852 2287 natrrra
869 2222 966 2304 longe
980 2221 1199 2286 submoverat.

195 2309 234 2375 In
256 2309 307 2374 his
326 2309 476 2394 operibus
502 2311 648 2395 extingui
670 2309 759 2393 mihi,
781 2310 810 2375 si
826 2309 894 2375 fors
911 2310 960 2374 ita
975 2308 1067 2393 feret,
1084 2309 1200 2393 pulch-

195 2420 268 2464 rum
296 2402 357 2464 est:
394 2420 432 2464 ea
464 2399 565 2482 stirpe
597 2420 668 2464 sum
697 2398 839 2482 genitus,
872 2402 910 2463 ut
939 2397 1075 2462 multam
1105 2399 1200 2480 prius

144 2500 178 2550 23
197 2510 294 2574 qnam
310 2489 442 2573 longam
454 2487 556 2553 vitam
571 2486 703 2552 debeam
716 2489 837 2570 optare.
867 2484 1008 2551 Obsecro
1021 2506 1089 2569 vos,
1107 2487 1200 2570 cogi-

195 2581 264 2642 tate
281 2599 341 2643 noe
358 2577 541 2662 pervenisse
557 2576 594 2639 in
611 2579 724 2657 terras,
744 2575 860 2659 quibus
877 2573 1018 2639 feminae
1036 2574 1076 2638 ob
1095 2575 1200 2640 virtu·

196 2670 263 2731 tem
285 2666 527 2732 celeberrimum
548 2685 668 2729 nomen
689 2667 748 2729 est.
783 2663 870 2739 Quas
891 2663 988 2728 urbes
1009 2659 1201 2727 Samiramis

197 2755 351 2819 condidit!
382 2775 462 2838 quas
489 2754 595 2839 gentis
620 2752 746 2836 redegit
771 2751 806 2816 in
832 2751 1043 2835 potestatem!
1075 2755 1202 2835 quanta

198 2863 296 2925 opera
313 2843 428 2908 molita
445 2843 508 2907 estl
530 2839 682 2906 Nondum
698 2839 853 2904 feminam
872 2839 1077 2925 aequavimus
1094 2838 1201 2922 gloria

145 2941 180 2992 24
198 2934 231 2996 et
250 2932 315 2996 iam
335 2951 394 2995 nos
417 2930 521 2996 laudis
544 2930 678 2994 satietas
701 2927 807 3012 cepit?
842 2926 885 2992 Di
907 2927 1051 3011 faveant,
1073 2927 1201 2992 maiora

198 3019 301 3085 adhuc
328 3021 460 3082 restant.
509 3015 571 3084 Sed
597 3018 645 3083 ita
670 3021 783 3081 nostra
810 3020 917 3096 erunt,
946 3037 1028 3099 quae
1053 3014 1200 3080 nondum
1299 3041 1300 3118 }

199 3109 378 3193 attigimus,
400 3106 429 3171 si
445 3106 528 3171 nihil
550 3127 685 3190 parvum
707 3104 898 3189 duxerimus,
920 3104 954 3168 in
976 3125 1039 3188 quo
1059 3122 1200 3187 magnae
1299 3127 1300 3188 l

199 3197 321 3280 gloriae
348 3195 437 3260 locus
460 3198 517 3259 est
562 3193 630 3260 Vos
653 3193 747 3259 modo
770 3214 821 3257 me
845 3192 886 3257 ab
908 3191 1064 3257 intestina
1085 3191 1201 3258 fraude
1299 3189 1300 3260 ἶ

199 3287 232 3349 et
268 3283 515 3350 domesticorum
550 3282 675 3348 insidiis
710 3284 873 3365 praestate
913 3301 1073 3345 securum:
1117 3279 1201 3345 belli
1299 3281 1300 3334 l

198 3371 374 3457 Martisque
407 3371 578 3436 discrimen
607 3370 776 3454 inpavidus
804 3369 927 3434 subibo.
971 3367 1140 3452 Philippus
1163 3368 1200 3433 in

198 3461 266 3527 acie
284 3462 385 3527 tutior
404 3481 500 3546 quam
517 3460 552 3523 in
568 3458 698 3525 theatro
714 3457 790 3523 fuit:
809 3457 951 3523 hostium
970 3478 1083 3521 manus
1102 3477 1200 3541 saepe

147 3561 181 3610 25
199 3550 327 3632 vitavit,
350 3569 480 3614 suorum
503 3548 641 3630 effligere
662 3567 729 3612 non
750 3546 863 3612 valuit.
900 3545 1049 3611 Aliorum
1069 3566 1200 3630 quoque

103 3685 105 3688 -
200 3658 311 3723 regum
334 3636 437 3700 exitus
461 3635 490 3699 si
510 3634 747 3718 reputaveritis,
772 3634 880 3718 plures
904 3656 923 3698 a
946 3633 1012 3698 suis
1035 3655 1133 3719 quam
1157 3633 1200 3698 ab
