2602 4094
273 199 526 256 HlSTOltIARUld
543 199 757 255 ALEXANDRI
775 199 863 263 VIIII,
881 206 906 256 8.
1026 201 1091 264 249

85 344 207 409 rander
224 345 322 410 tertio
341 344 401 427 die,
425 366 521 429 quarn
539 348 689 429 coeperat
708 344 862 428 obsidere,
886 346 1091 429 expugnavit

86 432 132 498 Et
153 432 357 514 Porticanus,
384 455 457 498 cum
478 433 514 497 in
535 453 641 498 arcem
664 433 874 517 confugisset,
901 433 1028 519 legatos
1051 434 1096 498 de
1111 443 1142 492 la

88 521 273 587 condicione
300 521 472 586 deditionis
502 521 593 586 misit
619 521 659 586 ad
685 542 807 606 regem:
840 521 897 587 sed
920 526 1091 607 antequam

88 610 213 674 adirent
239 632 327 695 eum,
353 609 434 674 duae
461 613 566 674 turres
593 629 666 674 cum
689 609 815 694 ingenti
836 610 965 695 fragore
987 611 1091 694 proci·

88 697 210 781 derant,
229 720 287 782 per
306 720 442 782 quarum
456 698 567 763 ruinas
580 697 771 764 Macedones
786 719 915 763 evasere
928 699 963 763 in
976 720 1092 783 arcem,

88 808 151 872 qua
173 790 271 870 capta
291 786 482 852 Porticanus
505 807 577 852 cum
592 787 703 868 paucis
721 806 907 870 repugnans
926 787 1091 854 occiditur.

22 873 76 939 32
174 874 291 940 Diruta
308 875 411 960 igitur
428 895 501 939 arce
519 879 553 938 et
571 874 719 939 omnibus
737 874 873 957 captivis
889 876 1090 942 venumdatis
1111 884 1142 933 1³

87 960 199 1028 Sambi
224 963 311 1048 regis
339 964 419 1028 fines
448 964 610 1048 ingressus
640 967 690 1028 est
712 963 887 1047 multisque
910 964 1035 1048 oppidis
1057 966 1092 1030 in
1145 1017 1147 1027 .

86 1051 182 1116 fidem
219 1053 358 1136 acceptis
393 1050 623 1116 validissimam
660 1051 766 1135 gentis
800 1051 913 1116 urbem
945 1053 1091 1120 cuniculo

86 1141 180 1223 cepit
210 1138 366 1205 Barbarie
384 1140 490 1204 simile
509 1138 646 1205 monstri
661 1139 768 1204 risum
784 1143 844 1222 est,
861 1140 996 1206 rudibus
1009 1142 1091 1206 mili·
1111 1149 1144 1196 14

85 1229 207 1293 tarium
233 1249 381 1313 operum:
409 1229 529 1314 quippe
556 1228 591 1292 in
617 1228 722 1292 media
747 1226 850 1292 ferme
871 1229 951 1292 urbe
974 1232 1092 1296 armati

84 1319 173 1381 terra
205 1317 387 1382 existebant
419 1316 508 1380 nullo
541 1315 669 1380 suffossi
699 1337 813 1399 specus
846 1319 920 1381 ante
950 1318 1092 1403 vestigio
1149 1347 1150 1352 ¹

84 1405 184 1470 facto.
217 1421 314 1470 nxxx
331 1405 423 1469 milia
439 1403 592 1468 Indorum
610 1404 644 1467 in
662 1426 701 1468 ea
717 1405 850 1488 regione
868 1425 962 1470 caesa
976 1402 1090 1471 Olitar·
1110 1413 1144 1463 15

85 1492 164 1558 chus
183 1498 234 1558 est
252 1496 364 1558 auctor
380 1494 564 1577 multosque
583 1493 728 1576 captivos
746 1493 806 1558 sub
825 1514 943 1559 corona
957 1493 1091 1559 venisse.

84 1579 209 1646 Rursus
227 1581 385 1646 Musicani
402 1581 593 1664 defecerunt,
611 1581 651 1645 ad
670 1602 749 1665 quos
769 1580 996 1666 opprimendos
1015 1582 1091 1647 mis·
1111 1590 1143 1640 16

86 1691 139 1734 sne
163 1672 214 1734 est
233 1668 362 1753 Pithon,
384 1670 439 1754 qui
462 1674 593 1752 captum
614 1669 792 1752 principem
817 1669 924 1754 gentis
943 1670 1091 1736 eundem·

85 1779 148 1842 que
183 1757 370 1824 defectionis
408 1755 571 1823 auctorem
606 1757 740 1822 adduxit
776 1757 816 1821 ad
852 1777 972 1841 regem.
1021 1758 1090 1834 Quo

85 1846 268 1911 Alexander
293 1847 328 1911 in
355 1867 481 1912 crucem
509 1846 637 1910 sublato
664 1867 776 1910 rursus
804 1867 943 1929 amnem,
970 1847 1090 1933 inquo

85 1935 222 2000 classem
247 1938 414 2018 expectare
437 1955 471 1998 se
494 1933 645 2016 iusserat,
667 1935 794 2018 repet't.

175 2022 295 2098 Quarto
331 2022 445 2088 deinde
480 2021 530 2086 die
566 2022 704 2086 secundo
741 2043 835 2086 amne
873 2022 1020 2105 pervenit
1051 2022 1091 2088 ad
1111 2029 1142 2079 11

85 2111 253 2195 oppidum,
280 2112 365 2196 quod
391 2111 426 2175 in
452 2131 553 2195 regno
579 2112 642 2175 ioco
665 2113 735 2174 erat
758 2108 878 2175 Sambi.
922 2108 1034 2195 Nuper
1055 2133 1091 2176 se

85 2198 143 2264 ille
166 2198 341 2282 dediderat,
364 2199 420 2264 sed
443 2199 596 2283 oppidani
618 2199 842 2264 detrectabant
865 2200 1036 2282 imperium
1059 2203 1092 2264 et

85 2288 270 2352 clauserant
285 2291 406 2371 portas.
442 2285 585 2363 Quorum
606 2287 769 2371 paucitate
787 2292 973 2371 contempta
991 2309 1048 2352 rex
1066 2305 1091 2352 1)
1112 2294 1144 2344 18

85 2375 249 2462 Agrianos
280 2377 409 2440 moenia
440 2375 549 2440 subire
580 2376 675 2441 iussit
704 2379 738 2440 et
764 2375 882 2441 sensim
909 2375 1091 2440 recedentes

84 2465 201 2529 elicere
232 2467 325 2529 extm
360 2485 470 2529 muros
501 2463 628 2531 hostem
660 2467 842 2529 secuturum
871 2463 1032 2546 profecto,
1064 2463 1091 2526 si

83 2551 197 2637 fugere
224 2573 279 2618 eos
307 2552 460 2617 crederet.
504 2551 653 2636 Agriani,
681 2553 765 2616 sicut
789 2551 983 2634 imperatum
1012 2553 1092 2632 erat,
1111 2559 1144 2606 19

84 2641 235 2707 lacessito
266 2641 361 2706 hoste
388 2641 495 2705 subito
522 2646 616 2726 terga
641 2642 821 2704 verterunt:
853 2659 934 2722 quos
960 2637 1093 2702 barbari

85 2729 185 2794 effuse
209 2732 377 2812 sequentes
400 2730 435 2794 in
457 2728 549 2811 alios,
571 2729 657 2793 inter
679 2748 759 2813 quos
780 2726 851 2810 ipse
868 2747 925 2790 rex
944 2729 1022 2810 erat,
1044 2726 1091 2790 in·

86 2817 203 2882 cidunt
243 2815 411 2882 Renovato
440 2836 516 2900 ergo
538 2815 664 2899 proelio
692 2837 731 2880 ex
754 2832 794 2878 111
817 2813 950 2879 milibus
977 2814 1092 2880 barba·

85 2927 196 2970 rorum
227 2922 275 2971 uo
306 2906 391 2970 caesi
422 2909 512 2986 sunt,
543 2903 633 2967 mille
665 2903 764 2988 capti,
795 2902 893 2966 ceteri
924 2903 1090 2968 moenibus

36 2989 177 3057 33urbis
200 2993 325 3058 inclusi.
364 2990 426 3058 Sed
448 3013 513 3057 non
530 2995 569 3056 ut
586 2992 691 3074 prima
709 2991 814 3076 specie
837 2990 925 3055 laeta
946 2991 1091 3068 victoria,
1109 2999 1144 3048 10

84 3081 134 3146 ita
152 3084 268 3146 eventu
287 3102 412 3166 quoque
425 3080 499 3162 fuit,
517 3081 635 3164 quippe
648 3079 779 3143 barbari
791 3099 914 3144 veneno
928 3080 1092 3144 tinxerant

85 3168 220 3254 gladios.
263 3168 378 3254 ltaque
403 3167 504 3233 saucii
526 3167 660 3232 subinde
683 3167 892 3250 exspirabant
913 3188 973 3231 nec
995 3188 1092 3231 causa

84 3263 153 3322 tam
176 3260 325 3323 strenuae
344 3257 457 3321 mortis
476 3256 652 3341 excogitari
670 3259 799 3339 poterat
817 3278 836 3320 a
853 3253 995 3338 modicia,
1018 3274 1089 3319 cum

85 3346 184 3412 etiam
203 3346 290 3410 leves
311 3346 427 3430 plagae
449 3345 644 3409 insanabiles
668 3346 784 3408 essent
823 3342 962 3408 Barbari
984 3346 1140 3408 autema

86 3437 293 3519 speraverant
327 3434 491 3498 incautum
528 3436 561 3496 et
596 3433 805 3498 temerarium
842 3449 952 3514 regem
989 3431 1092 3514 excipi

84 3543 189 3606 posse.
223 3521 268 3587 Et
289 3522 373 3587 forte
395 3522 480 3586 inter
500 3521 757 3604 promptissimos
776 3519 931 3584 dimicans
949 3518 1091 3583 intactus

85 3614 239 3676 evaserat.
275 3609 450 3694 Praecipue
472 3608 686 3688 Ptolemaeus,
708 3609 800 3672 laevo
822 3607 956 3673 humero
977 3606 1091 3670 leviter
1110 3613 1143 3663 11
