2602 4094
220 209 285 277 268
591 214 623 279 Q.
642 213 752 270 eoem
771 215 858 270 eom

219 356 326 423 haberi
349 360 517 442 praecepit,
543 363 580 424 ut
604 360 741 441 quotiens
767 359 834 425 ludi
854 364 945 442 atque
970 360 1138 424 certamina
1163 361 1222 424 ede

219 452 340 530 rentur,
370 448 406 512 in
437 448 554 529 primis
584 447 743 512 ordinibus
773 449 911 513 aoronati
940 454 1108 530 spectarent
1135 454 1223 530 utque

218 535 285 616 soto
318 536 495 617 functorirm
531 535 618 600 liberi
652 536 810 616 inpuberes
845 537 880 600 in
910 541 1045 619 paterna
1075 538 1223 620 stipendia

219 625 414 690 sumederent.
445 622 607 689 Oroterum
624 624 824 688 Macedoniae
841 626 1118 707 continentibusque
1132 625 1223 708 repio

219 712 311 778 nebus
340 732 410 776 mem
435 713 563 793 imperia
593 731 733 793 praeesse
762 713 894 796 placuit,
927 714 1132 795 Antipatnrm
1158 734 1224 778 oum

219 801 424 883 supplemento
458 801 617 865 iuniorum
651 801 856 866 Macedonum
891 803 935 866 ad
966 822 1065 884 repom
1093 822 1224 884 perpere.

226 889 390 954 Verebatur
411 889 505 970 enim,
527 909 566 952 ne
583 909 641 970 per
662 890 846 954 discordium
863 890 1012 972 praelecti
1033 910 1104 955 oum
1124 889 1223 974 Olym·

214 977 310 1060 piade
327 978 433 1058 prauis
459 977 565 1059 aliqua
586 977 686 1042 clades
706 978 898 1060 acciperetur.
942 979 1029 1044 Nam
1050 979 1166 1044 multas
1186 979 1227 1042 ad

219 1064 434 1130 Aleaaudrum
460 1066 602 1147 ipsulm
629 1069 739 1149 auur,
770 1067 884 1132 multas
910 1067 1077 1149 Antipater
1102 1069 1225 1132 munet

220 1154 411 1236 sursumque
431 1153 512 1218 inter
532 1173 565 1219 se
585 1153 843 1236 criminabantur,
865 1175 944 1236 quae
964 1157 1008 1221 ad
1027 1157 1153 1221 malacim
1174 1159 1226 1219 out

220 1242 433 1307 detrimentum
448 1244 549 1325 requae
560 1242 730 1308 maiestatis
743 1244 938 1324 pertinermt.
965 1242 1134 1326 Postquam
1147 1245 1225 1310 mim

220 1351 327 1396 monor
348 1331 438 1396 moed
458 1332 539 1414 repis
560 1335 668 1396 temem
688 1331 830 1414 culpatus
852 1333 888 1396 in
904 1331 1122 1397 Macedonium
1138 1353 1225 1415 pene

221 1421 323 1497 mavit,
340 1425 439 1485 nmter
455 1420 521 1484 eius
536 1438 680 1502 sororque
693 1416 857 1502 (lleopotro
874 1420 1079 1486 tumultuatae
1093 1421 1225 1502 fuerant,

219 1507 346 1573 ethaeo
375 1509 497 1590 quidm
526 1511 694 1590 paternum
723 1529 862 1591 repnum,
900 1507 1061 1592 Olympias
1091 1509 1225 1592 Epimm

219 1597 382 1662 inuaserat.

307 1684 431 1749 Interea
456 1704 524 1766 ren,
550 1689 587 1748 ut
606 1685 764 1748 imminuti
785 1685 932 1749 coercitus
956 1685 1139 1750 detrimenta
1160 1706 1224 1749 sor·

219 1774 295 1837 ciret
310 1773 459 1854 optimum
475 1792 621 1854 mmmmm
637 1772 807 1838 Persamm
822 1774 858 1836 iu
875 1772 1090 1838 Macedonicos
1106 1775 1225 1839 ordines

219 1861 345 1944 adlepitz
362 1861 446 1926 mille
462 1862 555 1925 etiam
570 1861 849 1943 praestantissimus
861 1863 1028 1944 seprepaoit
1039 1863 1083 1927 ad
1094 1863 1226 1945 eorporis

220 1951 400 2015 custodiam:
432 1950 530 2014 aleam
560 1948 750 2014 hastatorum
780 1970 922 2032 manuum,
955 1949 1042 2015 baud
1066 1952 1226 2032 pauciores

219 2039 317 2102 decem
339 2039 471 2118 milibus,
493 2039 576 2103 circa
596 2039 713 2120 replum
736 2037 965 2102 tabernaculum
981 2039 1124 2104 eaoubias
1141 2059 1226 2122 opere

220 2126 319 2189 iussit.
368 2125 456 2190 Haeo
490 2128 593 2209 openti
625 2126 780 2191 Peucestes
815 2127 987 2208 superuenit
1017 2147 1087 2192 oum
1117 2128 1225 2212 cipiuti

219 2215 452 2296 sagittariorum
475 2215 726 2296 funditorumque
749 2214 884 2298 milibus,
912 2233 987 2296 quos
1011 2235 1049 2280 eu
1070 2235 1130 2281 sua
1155 2233 1225 2298 pro

219 2302 322 2366 cincio
347 2307 487 2384 coeperat.
532 2301 596 2367 His
616 2324 676 2384 per
697 2303 858 2367 eaereitum
880 2303 1052 2369 distributis
1073 2305 1224 2386 profectus
1285 2329 1286 2368 i

219 2396 265 2457 est
284 2390 375 2458 Susis
396 2396 425 2456 et
447 2391 572 2472 Tipride
592 2411 683 2455 amne
705 2392 885 2456 transmisso
906 2393 993 2473 apud
1008 2391 1110 2457 Caras
1126 2399 1224 2459 castra

219 2485 349 2547 mutatus
370 2484 430 2546 est:
452 2480 523 2544 inde
544 2481 715 2562 quadriduo
736 2500 795 2561 per
816 2479 989 2544 Sittacenen
1010 2481 1112 2546 ductis
1134 2483 1224 2564 copiis

219 2568 379 2635 Sambana
399 2569 557 2651 prooessit,
583 2568 638 2632 ubi
657 2588 717 2650 per
739 2573 849 2650 septem
870 2568 936 2632 dies
958 2570 1092 2650 quietum
1119 2591 1225 2652 apmen

220 2660 324 2723 nnuit.
375 2659 487 2723 Tridui
508 2658 615 2722 ddnde
635 2657 745 2720 itinere
765 2676 882 2722 emulso
904 2655 1033 2722 Celerius
1049 2664 1225 2738 puuenmm

219 2750 271 2810 est.
313 2744 467 2828 Oppidum
488 2745 543 2810 boc
565 2749 665 2810 tenent
685 2744 816 2809 Boeotia
836 2745 978 2827 profecti,
1006 2765 1082 2828 quos
1108 2746 1225 2812 Xerses

218 2833 338 2898 sedibus
363 2835 429 2900 suis
453 2835 564 2900 auitos
590 2835 625 2898 in
653 2832 806 2898 &mutem
828 2835 995 2898 transtulit.
1044 2832 1226 2901 Servabant-

219 2941 276 3004 que
301 2928 515 3004 arpumentum
543 2923 673 3006 oripinis
695 2922 846 3004 pecutimi
871 2941 1007 2987 serruone
1033 2943 1071 2988 eu
1097 2923 1225 2990 Graecis

215 3011 395 3094 plerumque
419 3011 539 3076 uocibus
565 3015 736 3076 constante:
762 3015 892 3074 ceterum
919 3011 955 3075 ob
980 3013 1225 3078 mrezmercior'um

219 3101 422 3166 necessitatem
452 3100 655 3178 finitimarum
686 3099 886 3163 barbarorum
918 3098 1026 3182 linpua
1056 3101 1224 3166 utebantur.

220 3187 299 3253 Inde
324 3186 518 3269 Bapistonen
549 3190 703 3271 inpressos
733 3191 789 3270 est,
820 3188 971 3270 reqionem
999 3188 1176 3270 opulentam
1200 3194 1226 3254 et

220 3275 425 3342 abundantem
448 3275 597 3356 sorborum
618 3296 743 3341 amoeno
764 3280 795 3340 et
813 3275 941 3356 seeundo
961 3276 1046 3356 foetu
1067 3280 1225 3360 commone

219 3365 263 3428 od
289 3365 369 3430 uitae
399 3384 462 3429 non
492 3383 583 3429 usum
613 3366 714 3448 modo,
744 3384 849 3430 oerum
880 3363 973 3428 etiam
1003 3365 1225 3432 delectationem
1282 3389 1283 3418 t

214 3453 444 3536 pertinentibus.

307 3541 490 3606 Perventum
506 3540 614 3605 deinde
630 3542 727 3607 estin
739 3542 864 3608 Mediae
880 3561 1011 3624 compos,
1028 3542 1082 3608 ubi
1094 3544 1226 3610 mauimi

220 3647 365 3708 aquarium
379 3647 481 3707 propes
497 3626 710 3707 pascebantur.
742 3630 872 3694 Nisaeos
889 3631 1054 3713 appellant,
1071 3634 1222 3714 mapnitu·
