2552 4108
498 177 705 234 ADNOTATIO
723 178 875 235 celrici.

602 398 723 458 LIBER
741 399 777 460 V.

207 535 235 591 1.
260 541 275 589 7
294 531 513 587 cernentibus
532 529 651 602 Giuuta]
670 532 842 586 certantibus
909 547 1042 587 causam
1061 534 1195 606 Hedicke]

259 601 886 730 111111111011111111111
905 604 1196 729 pardalium

259 748 353 800 terra
370 715 461 799 inter
479 743 605 814 Kcelrler]
625 742 699 798 inter
774 674 903 798 incenis
923 744 1052 817 Koelsler]
1072 694 1198 800 iacentib}

262 823 294 871 15
312 813 475 869 Vicini-
490 813 578 868 idem
596 814 691 870 Lauer
707 819 733 870 et
747 816 825 886 Ald]
845 813 946 869 Vicina
960 815 1105 870 -eadem
1161 823 1195 871 17

260 888 375 940 futura
396 887 471 940 erat
493 885 528 955 I]
553 885 647 939 futura
756 892 790 940 25
808 902 919 940 murus
946 884 1136 941 instructus
1157 887 1195 958 0]
1227 889 1234 903 ⁸

260 956 403 1010 murusP
498 955 616 1025 pedum
639 954 675 1009 in
693 955 874 1029 Freinshem]
891 956 995 1026 pedum
1083 963 1116 1012 2⁷
1145 955 1196 1010 in·

261 1029 362 1100 gruat
387 1026 498 1150 Lam]
521 1025 710 1095 ingravat(·it)
822 1033 857 1082 2⁹
884 1027 1045 1082 iacienda
1076 1031 1196 1097 egesto

261 1097 367 1169 Louer]
387 1095 479 1151 iacien
500 1112 516 1151 o
534 1100 613 1166 geste
693 1096 876 1152 sufficiens
895 1098 975 1169 Jeep]
994 1097 1161 1153 sufficiendo

261 1176 294 1224 31
313 1167 459 1223 turrium
477 1168 584 1239 Lauer]
603 1167 689 1222 trium
769 1174 802 1222 33
822 1168 1078 1238 frugiferaeque
1096 1169 1195 1239 Halm]

261 1239 412 1308 frugiferae
430 1255 518 1307 aeque
597 1244 633 1294 34
650 1238 706 1292 XX
722 1238 825 1308 pedes
844 1239 915 1294 Fore
947 1239 997 1292 XX
1077 1239 1198 1295 asima

262 1312 371 1381 Ituna
448 1309 895 1378 virginumque-quasBa
940 1310 1196 1382 ]virorumque-

262 1397 333 1450 quos
433 1387 467 1434 41
487 1397 550 1434 curn
568 1379 646 1436 CClO
665 1380 811 1449 octoginta
827 1382 936 1451 scripsi]
956 1397 1018 1435 cum
1037 1380 1102 1436 CCC
1121 1384 1198 1436 octo·

263 1453 344 1522 ginta
414 1457 449 1506 45
471 1449 580 1504 ceteri
598 1453 637 1506 st
655 1451 795 1504 duarum
811 1467 961 1506 mensum
979 1453 1092 1524 Zumpt]
1111 1451 1198 1507 trium
1271 1505 1272 1510 ,

264 1527 292 1578 st
318 1539 444 1577 mensum

211 1595 240 1652 2.
266 1597 460 1662 lsatrapea
482 1590 657 1647 Sittacene
679 1594 777 1661 scripsi
813 1596 961 1660 satrepene
1067 1600 1200 1647 unove

264 1666 394 1735 Hedicke]
413 1679 520 1717 novem.
556 1665 603 1718 An
620 1664 724 1731 potius:
742 1662 779 1715 vl
793 1662 817 1728 1,
837 1663 902 1730 qui?
987 1670 1002 1717 3
1021 1668 1200 1718 cesserunt

264 1736 386 1806 Acidal]
408 1735 562 1804 gesserant.
597 1735 671 1788 Atii:
694 1735 837 1788 cessarunt
942 1734 1109 1788 otradite
1125 1734 1198 1803 ple-

265 1823 368 1875 raque
387 1807 424 1877 Ι]
446 1805 587 1875 pleraque.
627 1805 795 1875 Optimoruru
818 1805 893 1859 codd.
920 1805 1055 1859 lectionem
1078 1807 1199 1871 defendit

268 1880 428 1948 Madvigius
446 1880 477 1931 iu
495 1878 556 1932 adu.
576 1877 633 1930 crit.
653 1877 703 1930 voi.
722 1876 762 1929 II
835 1882 849 1929 'l
870 1874 1129 1946 observabatur]
1149 1875 1198 1930 ob-

265 1951 403 2027 servatur
480 1953 513 2002 18
531 1945 673 2016 primurn
690 1947 829 2027 Sebaedel]
847 1944 934 1999 imum
1016 1952 1047 2026 1]
1066 1945 1199 2000 liberos

265 2017 509 2154 ltftttllt
528 2016 1199 2158 llittll]ltntltsflttllutut

266 2175 334 2213 corr.
353 2159 441 2211 eodem
459 2159 549 2222 modo,
567 2161 608 2212 itu
627 2164 715 2211 tamen
733 2165 837 2212 utnon
854 2164 971 2213 mutaret
989 2158 1145 2226 donoque

212 2231 242 2286 8.
266 2228 358 2283 ‘dium
375 2228 410 2298 I]
429 2244 495 2280 nam
544 2234 560 2280 3
579 2226 846 2296 sagittariisque
865 2233 898 2280 et
915 2229 1027 2284 Loeceu.
1045 2235 1071 2284 et
1084 2229 1197 2299 Zumpt]

267 2299 452 2366 satnanisque
548 2304 564 2351 9
582 2297 767 2352 Tauronem
780 2329 814 2338 -
828 2297 987 2366 laturum]
1006 2301 1126 2353 Addidit
1143 2300 1200 2354 He-

266 2372 341 2426 dicte
411 2367 604 2439 perpellere
623 2370 745 2440 Aetolae]
764 2368 867 2438 pellere
931 2367 1056 2423 121000
1077 2370 1113 2440 0]
1132 2385 1200 2437 quo-

267 2457 321 2509 qne
341 2442 370 2495 P
467 2448 498 2494 13
518 2440 711 2510 convenire]
730 2455 786 2493 non
804 2437 951 2494 convenire
1042 2446 1074 2493 15
1093 2439 1200 2494 liber-

267 2515 339 2568 tate
358 2512 465 2583 Lauer]
484 2512 514 2564 et
530 2510 662 2564 libertate
742 2517 773 2565 18
792 2509 930 2564 incussa
947 2509 1051 2582 Lauer]
1072 2510 1200 2565 incussae

269 2584 301 2648 0,
321 2582 349 2636 in
371 2585 398 2636 P
476 2587 508 2635 21
528 2579 677 2636 coniecti
695 2581 783 2651 Mod]
804 2581 886 2635 eiecti

213 2653 243 2710 4.
266 2663 282 2708 3
301 2654 351 2708 itu
367 2654 403 2724 I]
421 2651 517 2720 itaque
611 2660 626 2706 6
651 2653 713 2706 hoc
731 2652 877 2722 dorsum]
896 2653 927 2706 iu
945 2654 1021 2708 codd.
1039 2654 1104 2707 liuec
1120 2653 1201 2707 verba

268 2727 395 2793 iepruuur
408 2730 472 2792 post
488 2721 662 2792 procurrit
769 2730 783 2777 7
807 2723 847 2776 ad
866 2723 967 2795 mare]
997 2723 1079 2778 Uncis
1101 2724 1203 2778 inclusi

269 2801 286 2850 8
304 2793 472 2863 quidquid
485 2825 519 2834 —
532 2793 694 2847 vestiens.
721 2795 809 2861 Aepre
826 2812 844 2848 a
861 2811 901 2848 me
918 2795 1074 2861 impetravi,
1092 2811 1126 2849 rse
1138 2795 1203 2848 haec

268 2867 399 2921 vocabula
418 2867 558 2919 insererem
572 2869 635 2933 post
653 2861 822 2930 evehitur,
841 2870 872 2918 ut
890 2881 922 2918 ea
939 2866 1075 2920 nudiciua
1092 2866 1148 2920 loeo
1163 2865 1202 2919 lu·

269 2937 379 2992 bordeti
391 2952 585 2990 succurrerem:
603 2952 668 2989 uam
681 2936 837 2989 duriuscule
850 2936 906 2989 dici
919 2933 991 2988 κατὰ
1006 2933 1118 2989 σύνεσιν
1137 2950 1203 2989 non

269 3006 374 3061 alium
396 3022 450 3075 pro
477 3004 558 3059 uliis
583 3022 658 3060 neme
681 3006 798 3073 uepabit.
835 3005 923 3058 Nolui
945 3011 1033 3060 tarneu
1056 3007 1204 3075 quidquem

268 3084 387 3144 mutare,
413 3078 571 3145 praesertim
598 3093 658 3130 cum
680 3077 821 3144 scrupulos
843 3081 955 3130 moveret
974 3076 1120 3130 herbarum
1142 3093 1192 3144 poe

268 3152 346 3218 flores
364 3149 583 3202 commemoratio,
642 3145 749 3199 amnis
763 3176 797 3187 -
811 3145 908 3200 alveo
933 3145 1050 3216 Vindel]
1064 3145 1155 3199 omnir
1169 3177 1203 3187 -

269 3235 351 3273 smne
446 3224 477 3271 11
505 3218 598 3286 regis
620 3215 830 3286 memorial]
855 3214 1081 3284 memoriarcgis
1172 3223 1204 3270 12

269 3290 458 3344 monstrare
476 3288 657 3359 Freiueteru]
677 3291 846 3341 monstraret
910 3293 941 3340 15
961 3285 1138 3340 anfractus
1157 3288 1204 3358 se]

270 3361 412 3416 anfiuetus
502 3365 535 3413 16
557 3373 766 3427 persequens
788 3360 857 3411 turn
876 3357 957 3439 Jeep]
980 3355 1206 3426 persequentium

272 3440 303 3486 19
323 3428 514 3485 fefellisset
531 3429 627 3500 Setia]
646 3427 814 3484 fefellissent
872 3444 985 3483 enims
1003 3429 1092 3500 Mod]
1112 3428 1205 3483 animo

271 3508 305 3557 20
324 3501 392 3555 iret
409 3501 488 3572 Jeep]
508 3501 568 3554 erat

216 3573 247 3628 5.
271 3583 286 3626 3
305 3571 432 3626 iustius
451 3572 487 3626 Je
519 3572 531 3643 ]
550 3569 633 3625 istius
704 3572 804 3625 nocte
821 3572 941 3625 vectus
959 3573 1069 3643 scripsi]
1089 3574 1172 3626 nocte

271 3649 286 3698 5
314 3643 431 3713 procul
454 3589 535 3696 urbe
554 3641 660 3712 Lauer]
679 3640 776 3711 procul
794 3641 892 3695 urbem
981 3648 997 3696 8
1025 3645 1059 3697 et
1075 3642 1206 3697 liberos
