2600 4096
70 584 90 649 6

268 241 522 299 HISTORIARUM
540 240 757 298 ALEXANDRI
775 241 835 311 VH,
856 248 879 297 l.
898 247 924 296 2.
1037 239 1100 304 153

513 437 606 505 'Ona
628 439 670 506 IL

184 562 271 628 Dum
289 565 369 628 haec
387 563 548 647 Amyntas
568 563 645 649 agit,
663 562 748 629 forte
767 564 1027 646 supervenerunt,
1046 562 1101 644 qui
1120 571 1133 620 1

97 652 231 717 fratrem
262 653 330 717 eius
359 651 582 734 Polemonem,
619 652 657 716 de
690 672 754 735 quo
786 655 860 716 ante
890 654 942 714 eat
971 649 1101 732 dictum,

96 740 276 826 fugientem
290 740 452 806 consecuti
466 741 610 804 vinctum
623 739 828 805 reducebant
859 738 980 804 Infesta
994 738 1099 802 contio

96 831 149 894 rix
174 829 318 893 inhiberi
345 829 465 913 potuit,
494 829 571 913 quin
597 828 746 912 protinus
774 849 833 892 suo
855 848 944 892 more
967 847 1045 890 saxa
1067 826 1101 889 in

97 939 169 982 eum
189 916 315 981 iaceret.
355 917 464 1001 Atque
482 916 537 981 ille
557 937 634 982 sane
651 916 829 1000 interritus,
846 913 970 997 ‘Nihil’,
985 914 1101 998 inquit,
1119 925 1136 974 a

97 1005 167 1089 ‘pro
192 1026 242 1070 me
265 1005 432 1089 deprecor,
459 1005 617 1070 modone
639 1004 776 1069 fratrum
798 1003 1001 1070 innocentiae
1023 1003 1101 1086 fuga

95 1094 275 1177 imputetur
301 1115 382 1158 mea.
425 1091 515 1158 Haec
543 1093 572 1158 si
599 1092 725 1158 defendi
752 1114 818 1157 non
843 1095 965 1175 potest,
993 1112 1101 1157 meum

97 1183 216 1247 crimen
248 1180 301 1246 sit.
353 1181 479 1246 Horum
507 1181 548 1246 ob
576 1181 610 1247 id
635 1182 742 1265 ipsum
769 1181 884 1245 melior
914 1184 965 1244 est
996 1201 1102 1262 causa,

96 1271 182 1354 quod
205 1289 275 1354 ego,
298 1270 354 1354 qui
376 1269 517 1356 profugi,
540 1274 707 1354 suspectus
730 1267 822 1334 sum'.
867 1268 1014 1333 Athaco
1037 1268 1135 1332 elo-3

97 1361 171 1423 outo
194 1359 346 1424 universa
364 1359 473 1423 contio
492 1358 627 1422 adsensa
645 1362 709 1424 est:
732 1357 885 1422 lacrimae
903 1356 1016 1421 deinde
1035 1377 1101 1419 om·

95 1448 192 1512 nibus
219 1468 351 1512 manare
377 1451 552 1530 coeperunt
577 1447 656 1511 adeo
684 1447 718 1511 in
745 1444 942 1511 contrarium
968 1448 1101 1527 repente

96 1535 246 1619 mutatis,
276 1538 313 1599 ut
339 1535 401 1601 hoc
428 1535 532 1600 solum
558 1557 617 1618 pro
649 1556 688 1601 eo
720 1537 819 1618 esset,
850 1533 935 1618 quod
963 1532 1102 1596 maxime

96 1623 244 1688 laeserat
283 1622 411 1688 Iuvenis
440 1626 510 1687 erat
534 1624 640 1707 primo
668 1624 784 1688 aetatis
810 1622 888 1686 flore
915 1622 1138 1704 pubescens,4

97 1733 192 1796 quem
205 1713 292 1776 inter
311 1713 436 1795 equites
449 1712 621 1776 tormentis
634 1710 785 1776 Philotae
803 1710 1012 1776 conturbatos
1027 1708 1101 1772 alie·

6 1881 7 1886 ἵ
95 1821 154 1864 nus
183 1804 288 1866 terror
316 1801 508 1865 abstulerat:
535 1799 697 1864 desertum
724 1821 798 1864 eum
824 1821 845 1864 a
871 1797 1041 1864 comitibus
1069 1801 1101 1861 et

95 1887 311 1952 haesitantem
326 1890 412 1954 inter
425 1888 604 1952 revertendi
623 1887 830 1974 fugiendique
849 1886 1028 1968 consilium,
1047 1886 1102 1970 qui

97 1977 199 2040 secuti
223 1980 323 2060 erant,
345 1981 587 2060 occupaverunt.
630 1975 664 2041 Is
687 1981 757 2042 tum
779 1975 856 2040 flere
879 1975 986 2058 coepit
1008 1977 1042 2039 et
1064 1984 1138 2038 oso

97 2086 190 2129 suum
226 2066 471 2146 converberare,
506 2068 649 2129 maestus
680 2086 746 2129 non
777 2085 870 2128 snam
894 2063 1009 2146 vicem,
1046 2063 1101 2126 sed

6 2181 7 2204 2
95 2157 229 2236 propter
241 2153 348 2236 ipsum
366 2154 615 2238 periclitantium
631 2153 777 2218 fratrum.
810 2151 1017 2236 Moveratque
1035 2151 1137 2216 iamt

94 2261 206 2325 regem
225 2263 359 2325 quoque,
376 2263 442 2306 non
461 2242 642 2306 contionem
661 2241 766 2325 modo,
788 2241 945 2306 sedunus
964 2242 1034 2304 erat
1054 2239 1102 2303 in-

94 2329 267 2412 placabilis
285 2329 393 2412 frater,
412 2331 468 2414 qui
486 2330 625 2395 terribili
640 2331 731 2394 vultu
744 2330 873 2394 intuens
888 2351 970 2412 eum,
989 2327 1102 2411 ‘Tum',

96 2418 156 2501 ait,
185 2417 342 2501 ‘demens
368 2419 537 2483 lacrimare
564 2418 734 2501 debueras,
763 2440 835 2482 curn
859 2438 940 2501 equo
964 2416 1101 2480 calcaria

96 2505 259 2584 subderes,
277 2506 415 2571 fratrum
431 2506 575 2570 desertor
593 2512 625 2571 et
640 2507 839 2571 desertorum
853 2525 969 2569 comes.
991 2502 1100 2585 Miser,

6 2623 7 2676 ,
96 2615 159 2678 quo
183 2597 217 2658 et
238 2595 321 2658 unde
343 2594 506 2681 fugiebas!
546 2593 701 2678 Effecisti,
722 2597 760 2658 ut
780 2614 855 2657 reus
877 2591 992 2675 capitis
1011 2612 1100 2656 accu-

95 2682 215 2748 satoris
237 2685 344 2747 uterer
365 2681 493 2749 verbis'.
533 2681 592 2748 Ille
614 2703 764 2766 peccasse
787 2703 830 2762 sc,
853 2680 910 2744 sed
926 2678 1012 2744 houd
1028 2691 1136 2763 gra-s

95 2771 167 2836 vius
195 2772 230 2835 in
256 2771 371 2836 fratres
395 2793 492 2855 quam
514 2771 548 2834 in
571 2771 779 2854 semetipsum
802 2767 972 2832 fatebatur.
1018 2767 1100 2832 Tum

95 2881 171 2924 vero
203 2881 307 2943 neque
338 2859 481 2924 lacrimis
511 2880 615 2943 neque
647 2856 952 2941 adclamationibus,
983 2856 1100 2941 quibus

95 2946 205 3012 studia
228 2969 287 3012 sna
309 2947 484 3011 multitudo
506 2948 689 3032 profitetur,
711 2949 983 3029 temperaverunt
1026 2944 1101 3010 Una

6 3059 8 3064 ·
94 3057 157 3100 vox
180 3038 251 3100 crat
271 3037 344 3120 pari
367 3036 485 3100 emissa
507 3057 673 3118 consensu,
695 3040 732 3099 ut
754 3034 938 3099 insontibus
959 3036 992 3098 et
1008 3033 1100 3098 forti-

94 3123 155 3188 bus
178 3125 258 3189 viris
280 3128 435 3208 parceret.
479 3122 588 3188 Amici
614 3145 739 3209 quoque
764 3122 841 3187 data
863 3121 1100 3188 misericordiae

95 3213 262 3278 occasione
277 3215 474 3297 consurgunt
486 3211 662 3296 flentesque
674 3231 786 3296 regem
798 3211 1017 3295 deprecantur.
1039 3209 1099 3274 Ille
1118 3221 1137 3270 8

96 3301 224 3366 silentio
252 3301 355 3380 facto,
382 3300 438 3366 ‘Et
464 3300 556 3384 ipse’,
582 3300 700 3384 inquit,
728 3299 907 3384 ‘Amyntan
933 3321 1007 3364 mea
1029 3320 1100 3364 sen-

95 3390 197 3454 tentia
223 3389 404 3473 fratresque
427 3389 495 3453 eius
522 3389 665 3454 absolvo.
715 3387 782 3454 Vos
811 3391 933 3471 autem,
959 3388 1100 3470 iuuenes,

95 3478 180 3544 malo
195 3479 343 3542 beneficii
362 3478 426 3542 mei
441 3477 596 3561 oblivisci,
616 3499 712 3560 quam
725 3477 861 3562 periculi
874 3477 976 3540 vestri
989 3475 1100 3540 memi-

94 3566 189 3632 nisse.
229 3566 354 3632 Eadem
372 3567 433 3631 fide
452 3565 555 3630 redite
573 3566 608 3630 in
626 3566 765 3650 gratiam
788 3586 922 3649 mecum,
944 3586 1008 3649 qua
1029 3563 1099 3647 ipse

94 3655 261 3721 vobiscum
279 3657 432 3721 revertor.
477 3652 560 3738 Nisi,
583 3677 663 3739 quae
682 3654 790 3718 delata
808 3655 925 3734 essent,
944 3651 1098 3716 excussis·
1117 3662 1135 3711 9
