2552 4108
255 207 506 264 HISTORIARUM
524 207 739 262 ALEXANDRI
757 207 808 276 Ill,
827 213 851 261 3.
1039 206 1058 269 ‘l

56 353 156 436 vallo,
183 374 262 436 quos
289 355 443 436 cognatos
470 352 556 435 regis
582 352 756 435 appellant,
783 350 891 415 decem
913 352 946 414 et
969 353 1059 434 quin·

57 462 117 523 que
151 441 238 504 milia
267 441 444 505 hominum.
492 439 581 504 Haec
611 461 687 504 vero
718 439 827 522 turba,
862 439 1060 504 muliebriter

56 529 287 611 propemodum
319 530 417 612 culta,
448 528 524 592 luxu
555 528 658 612 magis
685 549 782 611 quarn
814 527 934 591 decoris
961 530 1058 594 armis

57 616 229 699 conspicua
252 620 328 681 erat.
360 614 568 700 Doryphoroe
590 616 786 680 vocabantur
807 617 986 701 proximum
1007 615 1059 680 his
1078 635 1111 684 15

56 725 183 788 agmen,
201 705 289 769 sobti
305 708 427 770 vestem
446 705 588 787 excipere
606 704 760 789 regalem:
782 703 817 767 hi
835 725 961 768 currum
974 704 1059 785 regis

57 792 239 875 anteibant,
275 814 337 877 quo
373 793 441 876 ipse
472 794 615 857 eminens
645 792 830 856 vehebatur.
881 790 1059 875 Utrumque
1079 811 1110 860 16

56 901 169 945 currus
191 881 275 945 latus
298 881 429 946 deorum
451 880 621 946 simulacra
639 902 677 944 ex
696 901 772 944 auro
792 883 988 964 argentoque
1009 901 1059 944 ex·

55 989 170 1050 pressa
191 968 398 1034 decorabant:
422 969 663 1054 distinguebant
678 969 901 1033 internitentes
915 989 1060 1053 gemmae

56 1056 182 1140 iugum,
209 1078 248 1120 ex
274 1079 337 1141 quo
364 1058 547 1122 eminebant
573 1057 635 1121 duo
659 1078 755 1120 aurea
782 1056 951 1121 simulacra
973 1057 1059 1121 cubi-

55 1145 146 1228 talia,
171 1166 306 1229 quorum
329 1146 463 1209 alterum
485 1144 573 1229 Nini,
595 1145 730 1208 alterum
753 1147 822 1208 erat
844 1143 923 1209 Beli.
971 1144 1060 1209 Inter

56 1230 135 1296 haec
158 1233 299 1317 aquilam
323 1255 451 1298 auream
470 1235 584 1316 pinnas
601 1233 785 1297 extendenti
803 1233 939 1297 similem
957 1254 1060 1298 sacra-

26 1320 177 1385 8verant.
223 1318 334 1386 Oultus
363 1322 448 1406 regis
476 1322 560 1387 inter
588 1321 696 1386 omnia
722 1321 846 1384 luxuria
872 1321 1059 1386 notabatur:
1079 1339 1112 1388 ιτ

57 1409 1061 1582 thttrttmffltttttttltttttttttttlt

58 1588 293 1670 concurrerent,
329 1586 531 1651 adornabant
563 1589 596 1650 et
627 1607 708 1650 zona
739 1607 835 1649 aurea
865 1584 1062 1648 muliebriter
1080 1604 1113 1653 18

58 1673 179 1737 cinctus
202 1673 363 1738 acinacem
390 1675 611 1758 suspenderat,
641 1675 692 1738 cui
720 1695 759 1737 ex
788 1693 914 1757 gemma
943 1672 1061 1754 vagina

58 1763 132 1824 erat.
169 1759 310 1826 Cidarim
323 1761 440 1826 Persae
461 1762 621 1827 vocabant
642 1762 766 1846 regium
784 1761 897 1843 capitis
919 1761 1060 1844 insigne:
1080 1779 1113 1828 19

57 1845 116 1912 hoc
137 1850 285 1914 caerulea
309 1849 411 1914 fascia
433 1851 506 1914 albo
525 1849 677 1914 distincta
694 1849 889 1913 circumibat.
925 1846 1061 1913 Currum
1080 1868 1114 1916 ao

59 1934 165 2000 decem
195 1938 284 2001 milia
309 1937 510 2002 hastatorum
533 1937 759 2020 sequebantur:
795 1936 905 2000 hastas
928 1939 1062 2020 argento

60 2028 239 2109 exornatas,
276 2026 398 2108 spicula
429 2047 507 2090 auro
537 2025 677 2108 praefixa
709 2025 887 2109 gestabant.
940 2022 1063 2088 Dextra
1080 2044 1110 2092 21

59 2110 211 2197 laevaque
226 2133 334 2197 regem
348 2114 476 2177 ducenti
488 2113 588 2176 ferme
602 2112 795 2177 nobilissimi
810 2113 1062 2197 propinquorum

60 2201 301 2266 comitabantur.
337 2199 462 2265 Horum
485 2222 601 2286 agmen
623 2201 828 2266 claudebatur
849 2201 984 2286 triginta
1005 2201 1062 2265 mi·

61 2286 137 2352 ltus
152 2290 306 2374 peditum,
330 2311 409 2374 quos
424 2290 497 2374 equi
510 2290 596 2374 regis
611 2306 694 2354 cccc
708 2290 930 2374 sequebantur.
959 2286 1062 2352 Inter·
1081 2307 1113 2355 aa

60 2375 141 2441 vallo
173 2376 287 2441 deinde
318 2379 413 2442 unius
446 2378 540 2442 stadii
566 2381 702 2441 matrem
730 2375 828 2441 Darei
856 2374 1063 2461 Sisigambim

61 2483 167 2529 currus
195 2465 334 2531 vehebat
359 2469 392 2530 et
417 2466 452 2528 in
480 2466 543 2530 alio
572 2469 640 2530 erat
667 2466 790 2530 coniux.
839 2464 947 2528 Turba
972 2465 1062 2528 femi-

61 2571 173 2705 tttn
184 2550 1062 2726 tt‘t?⁸.t?¹.tttt.⁶.‘¹ttttfttttqttt
1081 2571 1114 2619 ²³

62 2728 119 2790 tur.
163 2728 205 2794 In
230 2729 281 2793 his
310 2733 400 2793 erant
426 2730 519 2794 liberi
541 2730 626 2814 regis
649 2733 682 2793 et
704 2749 785 2813 quae
807 2727 986 2792 educabant
1008 2749 1062 2793 eos

63 2816 299 2901 spadonumque
318 2838 403 2902 grex,
425 2818 511 2882 haud
530 2839 605 2882 sane
624 2817 688 2881 illis
707 2815 855 2899 gentibus
872 2815 955 2880 vilis.
980 2815 1063 2880 'hun
1081 2835 1116 2884 at

62 2905 165 2987 regiae
187 2906 305 2988 pelices
326 2909 487 2970 trecentae
509 2909 542 2970 et
564 2905 731 2989 sexaginta
751 2905 883 2986 quinque
903 2903 1063 2968 veheban-

63 2991 121 3074 tur,
143 2996 176 3057 et
196 2994 285 3078 ipsae
307 2993 408 3079 regali
430 2995 517 3058 cultu
540 2996 726 3075 ornatuque.
766 2990 845 3057 Post
868 3014 946 3076 quas
969 3013 1064 3074 pecu·

64 3078 147 3144 niam
173 3082 258 3166 regis
287 3082 428 3146 sexcenti
454 3082 534 3146 muli
557 3084 589 3144 et
610 3079 746 3144 trecenti
768 3080 881 3144 cameli
903 3080 1064 3144 vehebant

64 3169 218 3246 praesidio
259 3170 497 3254 sagittariorum
532 3171 751 3253 prosequente.
808 3167 1064 3252 Propinquorum
1082 3187 1116 3236 at

66 3256 296 3341 amicorumque
319 3257 471 3342 coniuges
493 3257 568 3321 huic
591 3257 712 3341 agmini
734 3257 897 3340 proximae
914 3256 1064 3320 lixarum-

68 3361 122 3422 que
145 3348 177 3408 et
198 3346 346 3411 calonum
370 3366 483 3431 greges
505 3345 710 3410 vehebantur.
745 3343 861 3409 Ultimi
882 3347 975 3408 erant
993 3365 1065 3409 cnm

68 3431 128 3494 suis
151 3434 283 3517 quisque
306 3434 452 3518 ducibus,
481 3433 535 3517 qui
557 3437 709 3519 cogerent
731 3453 860 3518 agmen,
881 3432 993 3497 leviter
1016 3455 1064 3496 ar-

68 3520 150 3584 mati.
202 3520 322 3587 Contra
354 3523 381 3586 si
413 3521 483 3606 quis
513 3522 613 3586 aciem
640 3521 852 3586 Macedonum
878 3521 1065 3603 intueretur,
1084 3539 1118 3588 aa

69 3600 171 3690 dispar
194 3610 294 3675 facies
321 3613 391 3674 erat
418 3611 506 3694 equis
532 3609 672 3696 virisque
698 3630 765 3674 non
792 3629 884 3693 auro,
913 3629 981 3672 non
1003 3607 1066 3671 dis-
