2600 4096
169 236 233 301 154
537 237 569 304 Q.
588 235 697 293 CURTI
714 236 800 291 RUFI

168 401 250 463 sem,
275 380 342 445 alte
365 381 580 446 dissimulatio
604 402 676 444 mea
699 401 875 464 suppurare
897 378 1067 464 potuisset.
1111 378 1178 445 Sed

168 469 270 532 satius
303 472 352 533 est
383 473 538 552 purgatos
571 489 641 533 esse
672 490 769 552 quam
796 473 971 552 suspectos.
1022 465 1177 553 Cogitate

167 557 328 621 neminem
351 557 476 622 absolvi
498 578 602 640 posse,
624 557 692 622 nisi
712 557 767 640 qui
790 556 908 622 dixerit
930 578 1070 621 causam.
1115 555 1177 640 Tu,

117 656 149 705 10
167 644 321 728 Amynta,
338 645 470 728 ignosce
487 646 581 709 fratri
599 648 665 709 tuo.
696 644 849 710 Pirithoo
867 645 1057 729 simpliciter
1074 645 1177 709 etiam

167 733 248 797 mihi
270 734 468 798 reconciliati
490 733 590 798 animi
612 734 661 798 tui
683 732 824 817 pignus'.

256 818 413 886 Contione
427 820 541 887 deinde
556 822 689 886 dimissa
701 821 936 905 Polydamanta
948 822 1057 886 vocari
1074 821 1208 890 iuberi

116 922 147 970 11
168 908 278 992 Longe
297 911 540 993 acceptissimus
558 909 764 974 Parmenioni
787 914 866 994 crat,
887 910 1054 993 proximus
1077 910 1177 974 lateri

168 997 202 1059 in
225 997 293 1062 acie
315 1000 400 1062 stare
423 999 552 1064 solitus:
580 1001 613 1061 et
635 1019 829 1082 quamquam
852 997 1048 1064 conscientia
1069 997 1176 1063 fretus

116 1086 204 1148 11111
230 1085 354 1170 regiam
379 1090 662 1170 111111111111111,
691 1090 729 1152 ut
754 1087 861 1152 iussus
884 1090 934 1151 est
955 1086 1072 1150 1111111
1097 1108 1177 1152 suos

169 1172 317 1238 exhibere
336 1175 506 1240 admodum
524 1176 654 1240 iuvenes
673 1179 707 1239 et
724 1175 794 1260 regi
812 1175 943 1259 ignotos
962 1174 1004 1239 ob
1023 1179 1178 1258 aetatem,

168 1261 285 1327 fiducia
311 1263 347 1327 in
372 1264 620 1328 sollicitudinem
647 1283 740 1328 versa
766 1262 926 1346 trepidare
954 1263 1073 1345 coepit,
1106 1285 1178 1328 sae-

168 1350 253 1434 pius,
280 1372 361 1434 quae
386 1373 502 1416 nocere
528 1354 675 1434 possent,
703 1373 799 1435 quam
822 1351 938 1436 quibus
961 1371 997 1416 oa
1021 1351 1178 1435 eluderet,

117 1451 149 1500 1³
168 1442 330 1522 reputans.
374 1438 443 1504 Iam
467 1439 629 1523 armigeri,
652 1439 768 1524 quibus
787 1440 982 1523 imperatum
1001 1443 1080 1522 erat,
1101 1461 1178 1522 pro-

169 1526 325 1592 duxerant
347 1549 412 1612 eos,
435 1550 507 1593 cum
531 1548 708 1612 exanguem
730 1531 819 1593 metu
841 1527 1077 1611 Polydamanta
1099 1549 1177 1610 pro·

117 1627 150 1676 14
167 1616 239 1698 pius
254 1616 403 1681 accedere
416 1637 471 1681 rea
484 1617 574 1681 iubet
587 1617 819 1700 summotisque
836 1616 995 1694 omnibus,
1013 1613 1176 1701 ‘Scelere'

167 1703 288 1789 inquit,
319 1703 558 1769 ‘Parmenionis
590 1725 700 1769 omnes
732 1705 854 1787 pariter
885 1704 1021 1787 adpetiti
1052 1726 1176 1789 sumus,

168 1793 305 1858 maxime
330 1813 389 1878 ego
413 1814 450 1857 ac
473 1798 518 1877 tu,
540 1814 619 1877 quos
643 1793 804 1858 amicitiae
823 1793 928 1875 specie
951 1791 1077 1856 fefellit.
1119 1791 1176 1858 Ad

169 1902 263 1962 quem
284 1881 538 1966 persequendum
560 1881 883 1966 puniendumque-
906 1880 992 1965 vide,
1015 1884 1176 1965 quantum

117 1980 148 2030 15
167 1967 242 2032 fidei
259 1973 334 2033 tuae
352 1971 488 2052 credam,
514 2006 551 2016 -
576 1976 609 2034 te
632 1970 780 2034 ministro
802 1968 852 2034 uti
874 1969 981 2035 statui.
1026 1968 1177 2054 Obsides,

169 2055 244 2120 dum
274 2056 338 2120 hoc
368 2059 510 2142 peragis,
542 2062 635 2123 erunt
663 2058 782 2122 fratres
809 2057 866 2122 tui.
910 2057 1114 2122 Proficiscere
1139 2060 1177 2123 in

167 2144 307 2209 Mediam
334 2148 368 2209 11
390 2146 430 2210 ad
452 2146 631 2227 praefectos
654 2167 742 2211 meos
765 2146 892 2211 litteras
915 2147 1052 2229 scriptas
1075 2167 1176 2211 manu
1298 2181 1299 2214 1

168 2254 241 2297 mea
253 2231 369 2315 perfer.
404 2233 586 2298 Velocitate
600 2255 680 2317 opus
695 2239 753 2316 est,
771 2256 835 2318 qua
853 2234 1051 2299 celeritatem
1067 2235 1178 2314 famae
1298 2229 1299 2269 l

169 2321 346 2387 antecedas.
390 2320 499 2386 Noctu
521 2323 685 2405 pervenire
707 2322 785 2386 illuc
806 2326 839 2386 te
858 2323 941 2404 volo,
962 2326 1093 2406 postero
1111 2323 1176 2407 die,

117 2422 149 2472 11
169 2430 249 2495 quae
278 2410 400 2494 scripta
428 2414 533 2493 erunt,
561 2411 684 2494 exequi.
728 2411 780 2474 Ad
802 2410 1018 2475 Parmeniona
1045 2432 1176 2496 quoque
1297 2447 1298 2505 y

168 2499 322 2584 epistolas
344 2500 442 2582 feres,
463 2520 561 2563 unam
584 2521 603 2563 a
625 2521 689 2582 me,
713 2499 849 2564 alteram
872 2498 1019 2564 Philotae
1041 2501 1175 2565 nomine

168 2589 329 2673 scriptam.
370 2585 504 2673 Signum
524 2587 611 2653 anuli
630 2588 697 2652 eius
716 2587 751 2650 in
769 2609 841 2652 mea
858 2591 1020 2671 potestate
1038 2592 1095 2652 est.
1138 2587 1176 2654 Si
1296 2639 1297 2642 ,

167 2681 259 2760 pater
286 2677 392 2742 credet
420 2699 439 2741 a
461 2677 528 2742 filio
551 2677 746 2760 inpressum,
774 2696 846 2741 cum
873 2679 908 2740 11
933 2675 1063 2759 viderit,
1088 2676 1175 2742 nihil
1296 2679 1297 2741 l

116 2776 148 2824 11
167 2765 311 2829 metuet’.
358 2764 553 2849 Polydamas
585 2768 675 2829 tanto
706 2765 862 2828 liberatus
892 2768 981 2828 metu
1008 2765 1217 2848 inpensius8
1295 2831 1296 2838 ,

169 2853 277 2936 ctiam,
296 2875 391 2936 quam
410 2854 608 2938 exigebatur,
625 2853 789 2936 promittit
803 2873 933 2936 operam
948 2852 1174 2918 conlaudatus·
1295 2845 1296 2914 l

168 2963 229 3024 que
253 2944 286 3005 et
307 2942 475 3024 promissis
499 2946 649 3006 oneratus
674 2941 820 3024 deposita
841 2945 938 3024 veste,
962 2963 1058 3024 quam
1076 2941 1176 3006 habe·
1295 2937 1296 2979 l

116 3041 148 3090 11
167 3030 233 3112 bat,
255 3027 395 3093 Arabica
420 3029 570 3094 induitur.
614 3029 687 3094 Duo
709 3029 849 3112 Arabes,
876 3051 1012 3112 quorum
1038 3030 1175 3095 interim

167 3118 319 3200 coniuges
342 3138 380 3181 ac
401 3117 496 3183 liberi
522 3119 684 3184 vinculum
706 3117 780 3182 fidei
803 3117 931 3182 obsides
954 3118 1038 3202 apud
1060 3137 1175 3202 regem

167 3210 272 3290 erant,
295 3206 362 3270 dati
385 3207 529 3271 comites.
572 3206 635 3271 Per
657 3206 784 3271 deserta
807 3204 905 3270 etiam
929 3206 970 3271 ob
994 3207 1176 3274 siccitatem
1293 3271 1294 3274 ,

167 3294 239 3359 1111
269 3293 400 3359 camelis
430 3294 596 3360 undecimo
624 3294 691 3378 die,
722 3316 786 3378 quo
817 3293 1070 3377 destinaverant,
1100 3316 1177 3377 per·

116 3394 147 3443 11
166 3383 307 3448 veniunt.
351 3381 397 3447 Et
427 3383 614 3466 priusquam
645 3383 747 3467 ipsius
778 3383 982 3447 nuntiaretur
1008 3383 1178 3470 adventus,
1292 3467 1293 3470 Ἴ

165 3493 276 3536 rursus
303 3470 500 3554 Polydamas
531 3475 654 3536 vestem
681 3470 920 3536 Macedonicam
952 3472 1052 3538 sumit
1079 3476 1111 3536 et
1137 3473 1178 3539 in

165 3559 409 3626 tabernaculum
437 3556 588 3624 Cleandri
613 3596 650 3606 —
677 3563 808 3643 praetor
830 3559 883 3624 hic
905 3561 1015 3644 regius
1038 3563 1106 3626 erat
1126 3595 1179 3610 —-

113 3659 148 3708 ao
167 3654 282 3734 quarta
303 3647 418 3732 vigilia
440 3647 595 3734 pervenit.
638 3647 784 3713 Redditis
812 3647 927 3714 deinde
954 3649 1073 3714 litteris
1099 3671 1179 3717 con-
