2552 4108
461 190 688 278 annularem.
978 191 1080 244 xxvn

76 329 184 400 redigit.
220 331 278 386 ΧΠ.
305 331 387 386 India
405 330 445 386 cis
459 332 559 386 Indum
572 331 680 386 domita
692 332 792 386 Indum
805 330 909 384 transit
921 331 1080 386 Alexander

76 401 258 470 Omphimque
280 405 376 471 regem
394 419 425 456 se
448 405 478 456 εὴ
500 420 551 456 sua
567 403 726 458 tradentem
742 401 874 456 restituit.
911 402 982 457 XIII.
1010 402 1078 457 Abi-

76 489 149 526 sares
166 489 196 526 se
210 472 296 540 dedit,
315 473 483 528 Barzaentes
501 475 531 527 et
545 473 679 528 Samaxus
697 473 785 528 vincti
802 473 832 526 in
851 473 1008 527 custodiam
1021 476 1079 528 tra

75 543 183 596 duntur.
220 543 373 597 Alexandri
396 544 432 598 ad
449 544 601 613 Hydaspen
624 547 718 599 castra
741 546 770 599 et
787 543 894 598 bellum
912 561 974 598 cum
991 544 1076 599 Poro:
1096 552 1148 600 326

75 613 150 667 cuius
178 613 266 683 copiis
298 615 377 668 varia
409 616 469 668 arte
497 614 641 668 distractis
667 615 758 684 ripam
786 614 932 668 adversam
959 617 1079 683 occupat

74 684 238 740 Alexander.
274 685 345 740 XIV.
373 684 504 739 Indorum
519 687 548 738 et
561 685 745 740 Macedonum
759 687 874 739 cruenta
887 703 995 755 pugna:
1013 684 1079 740 Pori

75 755 180 824 captivi
197 754 417 825 magnanimitas
436 758 466 810 et
482 756 636 810 Alexandri
653 756 728 826 regis
748 756 906 811 clementia.

457 923 579 982 LIBER
597 923 693 983 VIIII.

124 1035 162 1118 .¹·
188 1036 261 1092 Poro
284 1037 408 1106 devicto,
436 1038 473 1092 ad
499 1037 626 1108 Hypasin
652 1055 740 1107 usque
765 1039 895 1120 penetrat
920 1037 1079 1120 Alexander

74 1109 511 1249 {institmniehwgiidtlil
524 1109 1079 1250 alstratgtzzhttlltttatgl

74 1249 117 1300 tos
142 1251 171 1302 et
197 1249 330 1304 militiam
353 1251 541 1304 detrectantes
565 1250 690 1304 oratione
713 1250 749 1303 ad
770 1250 1007 1319 perseverantiam
1030 1251 1078 1305 ad·

74 1318 207 1374 hortatur.
253 1321 299 1374 HI.
337 1319 445 1376 Ooenus
467 1338 518 1390 pro
542 1321 665 1376 exercitu
682 1321 840 1376 Alexandro
862 1322 1024 1390 respondet,
1048 1338 1077 1376 se

74 1393 183 1456 paratos
203 1389 319 1459 quidem
336 1408 397 1446 esse
412 1392 500 1460 sequi,
520 1393 570 1446 sed
583 1393 732 1447 exhaustos
747 1408 808 1445 esse
821 1391 960 1446 victoriis:
979 1394 1076 1447 adsen-

74 1459 180 1514 tiuntur
198 1459 286 1516 ceteri
305 1461 389 1516 duces
407 1464 437 1516 et
454 1462 567 1531 milites,
587 1479 704 1530 quorum
720 1461 851 1531 precibus
869 1461 960 1517 victus
973 1479 1022 1516 rex
1041 1464 1077 1517 ad

75 1529 224 1613 Hydaspen
241 1533 390 1586 revertitur
408 1533 551 1601 classeque
569 1535 668 1603 parata
686 1533 807 1588 secundo
826 1549 908 1586 amne
922 1533 1075 1588 devehitur.
1166 1571 1167 1580 .

74 1601 117 1656 IV.
149 1602 233 1657 Circa
255 1603 439 1658 confluentem
456 1604 597 1673 Hydaspis
620 1607 649 1659 et
665 1603 793 1658 Acesinis
813 1603 844 1656 in
862 1603 991 1657 Siborum
1008 1603 1076 1657 fines

74 1673 198 1739 pervenit
217 1673 337 1741 indeque
357 1674 393 1727 ad
410 1675 512 1729 Mallos
535 1678 565 1729 et
583 1675 726 1729 sadracas.
765 1673 898 1728 Oratione
916 1674 952 1727 ad
972 1673 1077 1728 milites

76 1743 223 1798 seditiosos
240 1744 341 1798 habita
357 1745 492 1799 barbaros
510 1745 592 1815 fugat
606 1762 755 1813 eorumque
770 1744 903 1814 oppidum
917 1746 1077 1812 contempto

75 1812 266 1884 Demophonte
284 1817 348 1870 vate
368 1815 487 1870 obsidet.
524 1817 557 1870 V.
585 1816 749 1883 Alexander,
769 1815 818 1883 qui
835 1813 984 1884 praecipiti
1003 1815 1077 1868 saltn

76 1900 102 1936 se
118 1883 149 1938 in
166 1886 266 1940 urbem
284 1885 397 1954 plenam
415 1888 584 1940 armatorum
603 1886 677 1940 solus
695 1885 861 1953 immiserat,
881 1884 1004 1954 graviter
1017 1884 1077 1939 vul·

74 1959 182 2010 neratus
206 1972 292 2026 aegre
315 1973 422 2010 summo
444 1955 570 2025 periculo
593 1973 610 2010 a
629 1956 686 2010 suis
705 1955 829 2025 eripitur.
865 1955 1000 2025 Magnum
1017 1955 1076 2010 eius

77 2040 107 2076 ex
123 2027 238 2080 nilnere
256 2026 418 2095 periculum.
455 2027 500 2081 Vl.
532 2027 663 2082 Nondum
682 2027 750 2081 satis
769 2028 864 2081 curato
883 2029 996 2082 vulnere
1014 2027 1077 2080 bar-

78 2095 146 2150 baris
165 2097 248 2152 illum
266 2097 372 2166 perisse
390 2097 567 2152 credentibus
587 2115 616 2152 se
635 2097 771 2152 ostendit:
790 2096 888 2152 amicis
901 2097 1077 2167 rogantibus,

75 2167 105 2216 ut
122 2167 206 2221 saluti
228 2185 294 2222 suae
312 2167 496 2237 publicaeque
514 2171 652 2238 parceret,
671 2185 805 2238 generose
823 2169 980 2237 respondet.
1018 2169 1076 2224 VII.

77 2233 240 2292 Graecorum
254 2239 428 2306 quorundam
440 2239 471 2292 in
479 2239 629 2294 Bactriana
641 2239 803 2294 colonorum
812 2239 933 2294 deiectio
942 2255 1076 2308 repressa.

75 2305 151 2360 Malli
168 2312 198 2363 et
217 2309 356 2363 Sudracae
380 2327 409 2364 se
433 2310 546 2364 dedunt.
583 2310 716 2364 Horratas
734 2310 851 2365 Macedo
875 2311 904 2364 et
921 2309 1076 2379 Dioxippus

75 2375 251 2434 Atheniensis
272 2379 416 2449 inparibus
443 2381 528 2434 armis
551 2380 687 2450 singulari
710 2380 861 2436 certamine
882 2378 957 2435 inter
979 2398 1008 2434 se
1027 2398 1077 2449 pu·

76 2451 166 2514 gnant.
193 2450 293 2504 Victor
306 2450 460 2520 Dioxippus
474 2451 557 2520 paulo
572 2455 637 2520 post
650 2451 827 2506 inimicorum
840 2449 987 2505 calumniis
1001 2451 1077 2505 ultra

76 2519 184 2574 modum
201 2520 329 2576 irritatus
353 2538 381 2576 se
400 2521 460 2590 ipse
479 2521 623 2576 interimit.
663 2522 735 2576 VIII.
767 2520 855 2575 Donis
875 2537 892 2574 a
911 2520 1013 2590 legatis
1031 2522 1076 2574 In-

77 2588 170 2644 dorum
188 2592 312 2660 acceptis
330 2609 378 2646 rex
397 2593 518 2646 secundo
536 2593 605 2646 lndo
624 2593 661 2646 ad
678 2594 791 2661 gentem
806 2590 946 2645 Pataliam
964 2591 1076 2646 devehi·

75 2659 119 2712 tur
144 2661 259 2716 domitis
283 2663 413 2732 gentibus
436 2663 538 2716 flumen
561 2663 758 2717 accolentibus.
799 2661 954 2716 Ptolemaei
975 2662 1075 2716 vulnus

76 2729 206 2786 miraculo
226 2736 361 2787 sanatum.
402 2734 448 2788 IX.
479 2734 637 2788 Alexander
655 2733 785 2802 cupidine
808 2731 918 2787 risendi
936 2732 1076 2787 Oceanum
1093 2741 1146 2791 826

78 2804 216 2871 correptus
235 2819 291 2857 non
309 2821 369 2858 sine
386 2803 518 2873 perrcuiis
535 2816 649 2873 propter
671 2806 765 2858 aestus
788 2801 943 2857 maritimos
962 2805 992 2857 et
1008 2821 1076 2858 nau-

76 2871 164 2925 tarum
185 2872 347 2942 inperitiam
369 2876 484 2930 tandem
507 2875 565 2930 voti
584 2874 628 2928 sui
646 2891 758 2943 compos
776 2873 910 2929 redditur.
956 2873 989 2928 X.
1021 2874 1076 2929 Ne·

77 2943 156 2996 archo
178 2943 292 3012 relicto,
315 2948 347 2999 ut
369 2963 432 2999 cum
454 2946 543 3000 classe
565 2963 615 3015 per
634 2945 774 2999 Oceanum
795 2946 992 3012 reverteretur,
1015 2945 1076 3014 ipse

76 3027 121 3064 rex
137 3030 187 3082 per
204 3014 336 3069 Arabitas
354 3018 383 3070 et
402 3016 494 3070 Oritas
517 3019 546 3071 et
567 3015 694 3085 ingentia
712 3014 861 3070 Cedrosiae
886 3016 997 3070 deserta
1013 3032 1076 3085 pro-

77 3084 207 3151 greditur,
225 3086 275 3139 ubi
293 3087 430 3141 exercitus
448 3086 602 3141 miserrime
620 3103 683 3140 cum
700 3085 774 3140 fame
793 3089 822 3141 et
839 3086 1002 3155 pestilentia
1018 3088 1076 3141 luc·

77 3153 155 3208 tatur.
188 3155 312 3210 Tandem
338 3157 369 3211 in
387 3157 561 3211 Carmaniam
583 3156 711 3226 pervenit
733 3174 849 3226 eamque
867 3157 1009 3212 luxurioso
1028 3174 1076 3228 ag-

78 3222 147 3278 mine
164 3229 308 3296 peragrat,
326 3227 430 3282 Bacchi
448 3245 498 3298 per
515 3227 624 3282 Indiam
642 3227 813 3298 triumphum
830 3227 951 3282 imitans.

490 3395 610 3454 LIBER
627 3395 663 3456 X.

141 3503 161 3560 1.
195 3506 330 3563 Cleander
352 3509 492 3578 ceterique
509 3510 645 3580 praefecti
663 3509 818 3580 copiarum,
842 3525 913 3578 quae
934 3509 965 3563 in
982 3508 1076 3564 Media

79 3571 187 3631 relictae
206 3577 326 3646 flierant,
351 3581 486 3636 scelerum
509 3581 539 3634 in
557 3598 590 3635 ea
607 3581 752 3650 provincia
769 3579 953 3635 admissorum
970 3596 1075 3649 poenas

80 3641 150 3699 dant.
185 3647 307 3704 Nearchi
325 3653 354 3706 et
368 3650 518 3706 Onesicriti
535 3652 678 3707 adventus.
711 3650 863 3706 Alexandri
881 3651 917 3704 de
935 3651 1001 3705 orbe
1019 3651 1074 3703 ter·
1092 3652 1145 3705 324
