2552 4108
196 225 239 292 52
567 223 598 290 Q.
617 224 727 279 cuum
744 223 831 279 RUFI

195 369 276 456 lippi
304 375 411 436 autem
435 391 546 435 omnes
568 369 665 434 luisse
689 369 858 454 supplicia:
896 369 1023 452 adiecit,
1050 370 1210 434 invictum

195 459 278 545 fore,
301 460 401 525 donec
424 458 588 522 excederet
610 458 650 522 ad
673 458 757 522 deos.
798 456 958 523 Sacrificio
982 457 1096 521 deinde
1118 458 1210 522 facto

196 549 279 614 dona
302 551 335 612 et
358 545 577 612 sacerdotibus
609 550 641 610 et
668 546 727 611 dec
754 546 830 610 data
853 549 929 610 sunt
949 546 1211 630 permissumque

197 637 321 721 amicis,
349 637 386 698 ut
408 635 470 718 ipsi
492 655 618 720 quoque
641 635 841 700 consulerent
861 632 979 698 Iovem.
1023 631 1117 698 Nihil
1141 657 1211 698 am·

195 726 279 809 plius
303 722 509 808 quaesierunt
531 744 644 807 quam,
674 745 716 787 an
747 726 859 788 auctor
891 725 976 786 esset
1001 721 1064 786 sibi
1087 722 1211 786 divinis

143 833 176 884 29
196 811 373 878 honoribus
395 811 519 875 colendi
541 833 633 875 suum
655 831 774 896 regem
802 809 874 875 Hoc
892 831 1017 896 quoque
1037 813 1209 894 acceptum

197 901 266 965 fore
293 899 363 964 Iovi
389 902 479 963 vates
501 899 704 983 respondent.
748 897 835 964 Vera
858 902 890 963 et
913 898 1033 963 salubri
1055 899 1210 964 aestima-

196 989 284 1052 tione
310 988 458 1069 pensanti
489 987 591 1054 fidem.
617 988 737 1053 oraculi
766 1008 851 1052 vana
878 986 1021 1071 profecto
1048 1008 1212 1070 responsa

197 1076 226 1139 ei
248 1075 349 1140 videri
369 1075 564 1159 potuissent:
588 1076 643 1140 sed
660 1076 802 1160 fortuna,
822 1096 903 1159 quos
921 1075 978 1139 uni
997 1075 1059 1138 sibi
1077 1075 1211 1140 credere

197 1163 313 1248 co’e'git,
347 1185 466 1250 magna
497 1185 536 1228 ex
566 1167 657 1248 parte
688 1163 798 1228 avidos
828 1163 950 1248 gloriae
975 1162 1081 1247 magis
1108 1185 1210 1247 quam

145 1273 178 1321 30
198 1272 330 1335 capaces
362 1251 448 1318 facit
496 1252 582 1317 Iovis
614 1253 713 1337 igitur
739 1252 840 1316 filium
867 1273 900 1317 se
926 1272 993 1316 non
1016 1252 1122 1315 solum
1154 1275 1211 1335 ap-

197 1340 445 1424 pellari‘passus
468 1344 526 1424 est,
549 1340 605 1404 sed
628 1341 725 1404 etiam
742 1340 836 1404 iussit
853 1360 1021 1423 rerumque
1040 1343 1211 1425 gestarum

197 1428 329 1512 famam,
360 1429 436 1496 dum
467 1448 584 1513 augere
613 1430 683 1492 vult
710 1428 767 1493 tali
794 1427 1022 1512 appellatione,
1053 1431 1213 1514 corrupit

144 1537 176 1586 31
197 1516 241 1581 Elt
262 1516 468 1601 Macedones,
500 1516 624 1580 adsueti
651 1516 779 1600 quidem
800 1516 890 1602 regio
911 1516 1059 1600 imperio,
1091 1516 1151 1580 sed
1177 1519 1211 1580 in

198 1606 317 1670 maiore
341 1603 500 1670 libertatis
521 1605 636 1668 umbra
658 1626 754 1688 quam
776 1607 899 1669 ceterae
922 1607 1049 1688 gentes,
1075 1603 1211 1670 immor-

197 1694 356 1758 talitatem
379 1693 592 1758 adfectantem
613 1693 840 1776 contumacius,
863 1714 959 1776 quam
981 1695 1038 1756 aut
1054 1691 1135 1776 ipsis
1157 1716 1211 1757 ex·

145 1803 178 1851 aa
198 1783 346 1866 pediebat
368 1785 424 1846 aut
445 1781 527 1866 regi,
550 1781 688 1845 aversati
711 1784 794 1845 sunt.
840 1778 902 1845 Sed
923 1780 1004 1845 haec
1027 1802 1085 1845 suo
1110 1801 1210 1864 quae-

198 1892 258 1954 que
280 1870 419 1954 tempori
440 1871 655 1934 reserventur:
678 1891 764 1934 nunc
787 1871 893 1933 cetera
914 1867 1027 1952 exequi
1049 1888 1198 1953 pergam.

610 2026 688 2094 CAP.
710 2025 799 2091 VIII.

165 2154 178 2201 1
285 2131 465 2196 Alexander
492 2133 532 2196 ab
556 2130 736 2196 Hammone
758 2132 884 2197 rediens
906 2132 947 2196 ad
968 2131 1131 2197 Mareotin
1152 2155 1210 2216 pa·
1218 2127 1245 2193 33

197 2219 305 2283 ludem
336 2219 423 2284 haud
452 2221 563 2303 procul
589 2221 695 2284 insula
720 2218 826 2285 Pharo
855 2220 949 2284 sitam
975 2221 1072 2285 venit.
1124 2219 1209 2288 Gon-

198 2308 372 2391 templatus
388 2308 452 2372 loci
470 2310 619 2372 naturam
637 2308 775 2392 primum
793 2309 828 2372 in
843 2309 914 2392 ipsa
927 2309 1033 2372 insula
1048 2311 1210 2374 statuerat

198 2396 311 2460 urbem
333 2418 450 2461 novam
473 2395 617 2480 condere,
638 2395 711 2461 inde
733 2400 770 2460 ut
792 2397 941 2481 adparuit
962 2418 1099 2482 magnae
1121 2401 1209 2463 sedis

198 2485 335 2566 insulam
367 2484 453 2550 haud
485 2505 634 2569 capacem
663 2505 745 2568 esse,
777 2485 875 2569 elegit
900 2485 973 2548 urbi
999 2486 1119 2570 locum,
1152 2488 1209 2552 ubi

198 2596 285 2639 nunc
307 2577 357 2639 est
369 2573 579 2656 Alexandrea,
602 2573 850 2658 appellationem
867 2572 999 2637 trahens
1018 2595 1057 2638 cx
1074 2577 1209 2640 nomine

164 2681 180 2731 2
200 2663 348 2728 auctoris.
393 2661 588 2748 Conplexus,
616 2660 769 2746 quidquid
796 2661 856 2725 soli
879 2666 928 2726 est
949 2662 1033 2726 inter
1054 2663 1208 2747 paludem

200 2771 237 2814 ac
259 2772 356 2836 mare,
379 2752 546 2835 octoginta
568 2750 744 2814 stadiorum
765 2749 864 2814 muris
887 2750 1042 2814 ambitum
1065 2751 1210 2816 destinat

200 2841 245 2921 et,
276 2838 333 2922 qui
359 2839 610 2903 exaedificandae
636 2837 709 2902 urbi
734 2842 932 2922 praeessent,
963 2839 1082 2904 relictis
1105 2837 1207 2904 Mem·

165 2927 289 3010 ephim
311 2927 400 3009 petit.
436 2924 558 3011 Cupido
581 2927 666 2991 haud
689 2926 809 2989 iniusta
831 2926 971 3010 quidem,
994 2929 1133 2991 ceterum
1158 2930 1207 2993 in·

199 3013 391 3097 tempestiva
425 3015 610 3098 incesserat,
644 3035 711 3078 non
742 3015 895 3079 interiora
929 3015 1024 3079 modo
1055 3015 1208 3102 Aegypti,

201 3101 256 3166 sed
284 3102 381 3165 etiam
402 3101 609 3187 Aethiopiam
630 3101 780 3167 invisere:
805 3102 987 3167 Memnonis
1010 3102 1207 3188 Tithonique

205 3190 365 3254 celebrata
394 3189 485 3276 regia
515 3190 756 3275 cognoscendae
785 3191 954 3256 vetustatis
983 3191 1111 3256 avidum
1139 3195 1205 3257 tra·

165 3277 299 3345 chebat
322 3299 423 3362 paene
447 3281 536 3342 extra
557 3279 711 3343 terminos
734 3278 818 3343 solis.
864 3277 926 3344 Sed
947 3279 1118 3344 imminens
1139 3281 1205 3345 bel·

199 3366 280 3448 lum,
304 3367 393 3430 cuius
416 3368 517 3432 multo
540 3366 643 3430 maior
662 3371 827 3451 supererat
844 3369 952 3451 moles,
975 3368 1098 3433 otiosae
1114 3391 1204 3452 pere·

200 3454 376 3538 grinationi
393 3458 539 3539 tempora
557 3459 725 3520 exemerat.
756 3455 868 3540 Itaque
882 3455 1032 3540 Aegypto
1050 3457 1204 3541 praefecit

199 3542 394 3627 Aeschylum
423 3543 584 3609 Rhodium
613 3545 645 3606 et
671 3543 848 3607 Peucesten
874 3543 1082 3609 Macedonem
1112 3549 1203 3629 quat

199 3634 274 3694 tuor
291 3631 420 3696 milibus
438 3633 576 3695 militum
593 3631 628 3694 in
646 3630 839 3714 praesidium
856 3632 998 3715 regionis
1017 3633 1085 3696 eius
1104 3632 1202 3698 datis:
