2600 4096
148 189 211 254 138
517 191 548 257 Q.
567 190 677 247 CURTI
694 191 781 246 RUFI

145 355 232 416 mea,
266 333 350 419 quod
383 336 450 400 sine
482 334 591 400 liberis
624 356 711 419 sum,
745 335 915 419 spernitur.
969 333 1032 400 Sed
1065 338 1154 401 errat

143 420 299 488 Philotas.
344 421 383 488 In
412 423 504 487 vobis
533 423 667 507 liberos,
697 428 862 508 parentes,
894 424 1151 508 consanguineos

94 528 126 576 13
144 509 263 576 habeo:
285 511 376 576 vobis
400 510 499 576 salvis
522 511 619 576 orbus
641 532 711 576 esse
733 533 798 576 non
820 509 976 594 possum'.
1018 511 1151 595 Episto-
1162 529 1210 594 34

145 598 211 663 lam
238 599 352 664 deinde
374 597 596 664 Parmenionis
623 599 849 683 interceptam,
877 621 973 683 quam
995 599 1037 664 ad
1063 600 1151 665 filios

144 684 339 752 Nicanorem
357 690 391 752 et
403 686 556 752 Philotan
570 687 756 772 scripserat,
774 687 890 753 recitat
907 686 992 752 haud
1010 709 1088 753 sane
1103 688 1153 752 in-

68 793 70 802 ·
94 793 128 842 14
146 775 263 840 dicium
281 774 439 858 gravioris
453 775 579 840 consilii
593 775 835 858 praeferentem.
862 774 1011 859 Namque
1025 797 1152 840 summa

146 862 214 927 eius
241 860 321 926 haec
343 867 426 928 erat:
463 863 617 928 ‘Primum
646 864 745 929 vestri
769 885 877 930 curam
905 864 1005 949 agite,
1035 863 1151 929 deinde

145 953 337 1015 vestrorum:
371 951 418 1016 sic
444 951 543 1036 enim,
571 973 652 1036 quae
681 951 923 1032 destinavimus,
952 950 1151 1018 efficiemus'.

94 1057 127 1106 15
145 1037 334 1122 Adiecitque
360 1061 430 1124 rex,
459 1039 506 1106 sic
532 1061 602 1105 assa
630 1040 795 1123 scriptam,
823 1044 873 1126 ut,
900 1039 968 1104 sive
994 1038 1036 1105 ad
1062 1040 1150 1105 filios

144 1127 355 1212 pervenisset,
377 1150 397 1194 a
414 1127 550 1193 consciis
567 1131 679 1211 posset
695 1128 857 1213 intellegi,
880 1126 947 1193 sive
970 1127 1152 1212 intercepta

94 1233 128 1282 16
147 1217 244 1298 esset,
260 1214 389 1280 falleret
405 1216 546 1301 ignaros.
582 1214 639 1281 ‘At
657 1215 742 1280 enim
756 1214 918 1299 Dymnus,
936 1236 1008 1281 cum
1027 1220 1150 1282 ceteros

144 1302 317 1386 participes
340 1304 470 1369 sceleris
492 1303 661 1388 indicaret,
687 1303 842 1370 Philotan
867 1325 932 1368 non
954 1305 1151 1370 nominavit!

144 1390 215 1456 Hoc
243 1391 372 1476 quidem
397 1391 485 1457 illius
506 1413 573 1457 non
594 1393 810 1476 innocentiae,
836 1393 892 1458 sed
914 1394 1079 1476 potentiae
1101 1393 1150 1458 ιιι-

145 1479 339 1546 diciumt
290 1485 339 1546 est
343 1481 463 1564 ,quod
490 1480 537 1545 sic
563 1480 603 1545 ab
633 1481 674 1544 iis
696 1481 828 1545 timetur
851 1481 960 1562 etiam,
990 1482 1151 1566 aquibus

144 1568 237 1651 prodi
262 1570 385 1652 potest,
411 1572 460 1651 ut,
488 1589 560 1633 cum
588 1568 627 1632 de
653 1589 687 1633 se
714 1568 762 1633 fat
748 1571 837 1633 ttean
837 1591 890 1652 ur,
916 1569 1012 1634 illum
1038 1575 1151 1634 tamen

96 1674 129 1724 ιι
148 1656 261 1721 celent
311 1653 461 1721 Ceterum
492 1654 685 1722 Philotan
675 1656 777 1739 ipsius
809 1657 1008 1722 indicatt
961 1658 1036 1722 ιιιιι.
1086 1657 1152 1723 Hic

143 1744 319 1829 Amyntae,
346 1745 402 1829 qui
423 1744 504 1810 mihi
527 1745 735 1810 consobrinus
761 1744 826 1810 fuit
849 1745 939 1811 etin
960 1744 1151 1811 Macedonia

144 1833 250 1935 capiti·
274 1854 346 1898 meo
373 1833 479 1918 inpias
505 1833 693 1917 conparavit
724 1833 872 1918 insidias,
903 1834 1025 1898 socium
1053 1856 1087 1898 se
1114 1839 1151 1900 et

144 1921 307 1985 conscium
335 1921 489 1987 adiunxit
534 1919 597 1986 Hic
623 1921 685 1986 Att
655 1919 752 2004 ttalo,
783 1943 846 2005 quc
879 1923 1059 2006 graviorem
1086 1921 1150 1986 ini·

144 2008 262 2072 micum
293 2029 359 2073 non
389 2009 502 2092 habui,
538 2031 679 2074 sororem
714 2030 806 2073 suam
842 2008 877 2074 in
907 2010 1151 2076 matrimonium

92 2115 125 2164 18
144 2095 240 2159 dedit
284 2094 360 2178 Hic,
390 2118 463 2160 cum
490 2097 689 2179 scripsissem
719 2098 748 2161 ei
776 2119 835 2181 pro
863 2099 931 2162 iure
961 2103 1029 2162 tam
1055 2099 1151 2164 fami·

143 2182 233 2246 liaris
264 2204 340 2246 usus
373 2187 469 2268 atque
501 2185 674 2267 amicitiae,
705 2185 810 2269 qualis
842 2207 913 2250 sors
944 2186 1029 2251 edita
1062 2190 1151 2252 esset

143 2269 230 2335 Iovis
248 2269 438 2336 Hammonis
462 2271 604 2356 oraculo,
627 2273 780 2337 sustinuit
801 2274 977 2338 rescribere
994 2274 1089 2358 mihi,
1113 2297 1149 2341 se

144 2359 271 2442 quidem
293 2359 466 2443 gratulari,
491 2359 576 2443 quod
598 2360 634 2424 in
655 2382 823 2425 numerum
846 2361 977 2427 deorum
999 2365 1149 2446 receptus

144 2469 262 2532 essem,
280 2450 421 2513 ceterum
439 2447 584 2512 misereri
599 2469 721 2531 eorum,
739 2450 855 2533 quibus
871 2450 1042 2515 vivendum
1061 2455 1151 2517 esset

91 2555 125 2604 re
144 2538 203 2602 sub
227 2558 279 2620 eo,
302 2536 358 2621 qui
380 2537 511 2602 modum
533 2535 672 2602 hominis
694 2537 868 2602 excederet.
903 2537 994 2603 Haeo
1017 2544 1092 2604 sunt
1114 2542 1149 2604 st

143 2625 207 2690 iam
230 2624 354 2709 pridem
377 2625 476 2690 animi
499 2624 630 2689 alienati
652 2647 673 2690 a
694 2646 745 2690 me
768 2630 801 2690 et
822 2625 996 2692 invidentis
1022 2627 1148 2712 gloriae

142 2734 233 2777 meae
254 2713 382 2780 indicia.
418 2713 506 2790 Quae
530 2714 688 2816 equidem,
710 2714 845 2796 milites,
870 2715 1022 2799 quamdiu
1044 2715 1148 2800 licuit,

142 2801 178 2866 in
209 2801 316 2865 animo
348 2823 419 2867 meo
454 2804 567 2886 pressi.
615 2802 756 2867 Videbar
787 2803 871 2866 enim
907 2803 988 2867 mihi
1019 2807 1147 2887 partem

143 2889 301 2954 viscerum
322 2910 467 2955 meorum
490 2889 742 2973 abrumpere,
715 2891 812 2973 s1,in
835 2911 915 2974 quos
938 2893 1007 2955 tam
1027 2912 1147 2976 magna

90 2995 125 3045 ιο
143 2976 354 3060 contuleram,
372 2978 501 3042 viliores
519 2978 600 3042 mihi
617 2978 764 3042 facerem.
799 2975 888 3042 Sed
878 3000 944 3043 ram
962 3001 1028 3044 non
1046 2980 1147 3045 verba

143 3063 304 3167 punienda
321 3069 410 3130 sunt:
433 3066 562 3150 linguae
584 3066 747 3131 temeritas
770 3067 916 3150 pervenit
901 3068 983 3132 tad
1011 3067 1146 3170 gladios.

90 3151 226 3237 21Hos‚
253 3153 281 3218 si
308 3151 389 3216 mihi
415 3153 556 3237 creditis,
581 3151 765 3218 Philotas
754 3176 789 3218 ιιι
815 3175 867 3219 me
889 3157 988 3236 acuit,
1020 3155 1048 3221 si
1074 3156 1146 3240 ipsi,

144 3241 216 3306 acui
237 3240 393 3325 permisit.
438 3239 507 3316 Quo
530 3263 583 3307 me
604 3242 779 3324 conferam,
801 3241 944 3308 milites?
975 3244 1026 3310 cui
1050 3248 1147 3328 eaput

143 3350 250 3394 meum
280 3328 430 3394 credam?
478 3328 577 3414 Equit
578 3331 660 3412 atui,
691 3330 833 3414 optimae
863 3331 1020 3397 exercitus
1051 3333 1146 3416 parti,

142 3417 340 3502 principibus
372 3414 594 3482 nobilissimae
632 3417 821 3502 iuventutis,
856 3440 956 3484 unum
991 3420 1146 3505 praefeci.

144 3506 294 3608 salutem,
322 3526 424 3590 spem,
451 3504 618 3571 victoriam
641 3527 746 3570 meam
772 3506 847 3571 fidei
869 3506 939 3572 eius
961 3509 1145 3594 tutelaeque

90 3613 124 3661 aa
143 3593 297 3659 commisi.
338 3594 500 3658 Patrem
489 3615 522 3658 ιιι
545 3593 631 3659 idem
653 3593 871 3680 fastigium,
861 3617 895 3660 ιιι
917 3617 980 3680 quo
1003 3618 1054 3662 me
1080 3595 1146 3681 ipsi
