2552 4108
259 149 511 207 HlSTORlARUM
528 149 742 206 ALEXANDRI
759 150 810 219 IV,
831 158 854 206 1.
1019 151 1060 216 31

48 298 214 363 vetustate
244 296 391 379 famaque
418 295 618 360 conditorum
639 296 790 360 inclitam.
835 293 1005 380 Regnabat
1026 296 1061 360 in
1080 317 1113 367 ra

49 407 87 449 ea
110 383 241 468 Strat0,
268 383 373 448 Darei¹
388 384 502 466 opibus
526 382 651 448 adiutus
654 433 749 450 .....
793 381 856 448 Sed
879 385 954 466 quia
976 385 1062 448 dedi·

47 474 174 536 tionem
206 472 312 556 magis
343 471 544 555 popularium
576 492 672 555 quam
704 493 762 536 sua
793 475 906 554 sponte
934 471 1062 557 fecerat,

48 581 151 645 regno
180 561 272 626 risus
297 560 450 644 indignus
475 559 769 643 Hephaestionique
791 560 994 643 permissum,
1015 563 1061 644 ut,

48 671 146 732 quem
174 669 214 713 eo
243 648 373 732 fastigio
399 669 416 712 c
438 645 576 712 Sidoniis
599 648 822 733 dignissimum
845 648 1061 732 arbitraretur,

50 737 266 801 constitueret
286 757 403 821 regem.
447 734 552 801 Erant
573 735 806 820 Hephaestioni
828 737 887 800 dac
909 736 1061 820 hospites,
1080 753 1112 803 11

50 825 128 889 clari
156 824 247 889 inter
273 845 347 889 suos
374 825 518 888 iuvenes:
549 825 604 907 qui
626 824 710 888 facta
732 824 810 907 ipsis
832 827 991 907 potestate
1013 845 1061 888 re·

50 913 173 997 gnandi
192 914 402 997 negaverunt,
427 933 618 996 quemquam
635 912 740 996 patrio
758 934 845 976 more
863 912 898 976 in
916 912 956 977 id?
971 912 1060 976 fasti·

51 1001 140 1084 gium
162 1000 274 1084 recipi,
296 1000 360 1064 nisi
381 1001 470 1084 regia
493 1000 591 1083 stirpe
619 1003 733 1064 ortum.
786 999 973 1064 Admiratus
995 999 1113 1068 He-18

53 1087 225 1174 phaestion
257 1088 510 1172 magnitudinem
542 1087 641 1152 animi
667 1088 858 1172 spernentis,
891 1088 976 1172 quod
1007 1088 1062 1152 alii

50 1198 105 1258 per
127 1177 224 1262 ignes
248 1176 430 1260 ferrumque
451 1179 606 1259 peterent,
629 1175 707 1240 ‘Vos
730 1176 857 1259 quidem
880 1176 978 1240 macti
998 1176 1062 1240 vir·

51 1263 142 1348 tute',
172 1265 295 1348 inquit,
327 1267 458 1346 ‘estote,
491 1264 545 1348 qui
572 1264 667 1347 primi
693 1263 907 1348 intellexistis,
939 1268 1061 1347 quanto

52 1353 155 1417 maius
180 1356 269 1416 esset
290 1372 425 1436 regnum
446 1351 591 1416 fastidire
613 1373 709 1435 quam
732 1352 880 1434 accipere.
913 1350 1062 1417 Oeterum

54 1439 124 1504 date
147 1441 291 1526 aliquam
312 1440 420 1524 regiae
443 1440 560 1524 stirpis,
582 1439 637 1524 qui
659 1439 841 1504 meminerit
862 1461 882 1502 a
898 1439 990 1503 vobis
1009 1461 1060 1503 ac·

54 1531 180 1610 ceptum
197 1528 319 1592 habere
337 1549 370 1592 se
388 1527 544 1612 regnum'
575 1528 682 1611 Atque
700 1528 756 1612 illi,
774 1550 845 1593 cum
864 1527 983 1591 multos
1002 1527 1059 1590 im·
1080 1545 1112 1594 19

53 1617 174 1680 minere
224 1618 336 1680 tantae
386 1616 454 1698 spei
498 1618 664 1681 cernerent
708 1616 843 1701 singulis
887 1614 1061 1678 amicorum

53 1702 230 1769 Alexandri
266 1704 307 1768 ob
343 1703 476 1768 nimiam
513 1704 607 1788 regni
642 1704 847 1787 cupiditatem
884 1703 1061 1786 adulantes,

55 1794 203 1856 statuunt
224 1791 388 1856 neminem
410 1812 478 1855 esse
500 1793 658 1875 potiorem
680 1814 777 1876 quam
799 1791 1061 1872 Abdalonymum

56 1879 227 1964 quendam,
258 1881 359 1964 longa
384 1878 512 1964 quidem
539 1879 730 1963 cognatione
757 1879 849 1962 stirpi
876 1879 983 1963 regiae
1006 1878 1061 1942 ad·

56 1985 184 2052 nexum,
218 1968 287 2038 sed.
307 1968 348 2032 ob
374 1966 517 2049 inopiam
544 1967 762 2031 suburbanum
789 1968 918 2031 hortum
946 1967 1061 2051 exigua

58 2054 212 2119 colentem
245 2055 336 2138 stipe.
387 2052 492 2119 Causa
518 2055 547 2119 ei
572 2055 769 2138 paupertatis
793 2055 876 2120 sicut
901 2054 1061 2138 plerisque
1079 2072 1113 2121 1ο

57 2141 199 2221 probitas
222 2146 305 2210 erat:
335 2143 541 2226 intentusque
568 2143 657 2226 operi
683 2143 795 2208 diurno
819 2143 988 2226 strepitum
1012 2165 1060 2206 ar-

59 2246 190 2315 morum,
213 2231 270 2315 qui
291 2233 394 2295 totam
407 2229 520 2295 Asiam
542 2235 755 2315 concusserat,
776 2254 843 2297 non
865 2231 1061 2295 exaudiebat

26 2308 168 2382 4Subito
192 2318 317 2401 deinde,
341 2318 380 2383 de
403 2319 518 2403 quibus
541 2318 757 2384 antedictum
780 2322 837 2403 est,
859 2341 930 2384 cum
953 2319 1060 2403 regiae
1079 2337 1111 2386 11

60 2405 152 2469 vestis
177 2406 361 2491 insignibus
387 2406 517 2471 hortum
539 2407 676 2491 intrant,
706 2429 800 2492 quem
821 2408 905 2472 forte
937 2408 1060 2471 steriles

61 2487 172 2557 herbas
200 2495 324 2579 eligens
351 2494 594 2576 Abdalonymus
620 2496 823 2580 repurgabat.
871 2493 954 2557 Tum
985 2515 1061 2578 rege
1079 2511 1112 2560 22

62 2595 96 2640 eo
119 2581 259 2647 salutato
283 2583 364 2646 alter
385 2603 424 2647 ex
444 2582 509 2667 bis,
535 2581 706 2667 ‘Habitus',
727 2583 845 2667 inquit,
868 2580 931 2645 ‘hia
953 2582 1061 2665 vestis,

62 2683 153 2746 quem
175 2671 279 2734 carnis
301 2671 335 2734 in
358 2669 438 2734 meis
460 2670 620 2755 manibus,
643 2693 715 2734 cum
736 2671 800 2734 isto
823 2669 968 2752 squalore
989 2691 1060 2752 per-

62 2757 230 2823 mutandus
266 2757 327 2822 tibi
363 2760 420 2822 est.
472 2756 576 2823 Ablue
615 2779 728 2842 corpus
758 2757 877 2822 inluvie
907 2757 1061 2842 tetrisque
1166 2835 1169 2841 Ι

64 2842 205 2910 sordibus
238 2844 430 2931 squalidum:
466 2867 543 2929 cape
573 2847 659 2930 regis
691 2845 833 2910 animum
864 2848 897 2909 et
927 2845 961 2909 in
990 2867 1060 2909 eam

63 2925 233 3019 fortunam,
264 2955 328 3018 qua
354 2934 470 3018 dignus
499 2955 545 3018 es,
573 2934 668 2998 istam
696 2933 925 2998 continentiam
946 2934 1062 3016 perfer.

64 3008 108 3113 Et
132 3039 205 3085 eum
231 3022 266 3085 in
293 3022 394 3106 regali
416 3021 496 3086 solio
518 3021 684 3105 residebis,
714 3021 799 3086 vitae
824 3022 977 3106 necisque·
995 3043 1061 3085 om·

64 3118 149 3168 11111111
170 3109 288 3174 civium
310 3109 466 3194 dominus,
487 3131 562 3174 cave
586 3109 782 3174 obliviscaris
798 3109 927 3191 1111111111,
948 3110 983 3173 in
998 3131 1060 3193 quo

66 3191 177 3288 accipis
198 3218 346 3283 regnum,
368 3197 476 3281 immo,
500 3197 635 3281 hercule,
657 3200 789 3281 propter
812 3195 925 3282 quem?
970 3195 1060 3261 Som-
1078 3216 1112 3265 23

65 3292 116 3341 mo
129 3281 241 3350 similis
254 3307 306 3350 res
319 3285 545 3367 Abdalonymo
559 3285 737 3350 videbatur:
756 3286 924 3369 interdum,
940 3286 1060 3350 satisne

68 3366 133 3430 111111
154 3376 274 3457 essent,
298 3374 353 3458 qui
374 3376 442 3437 tam
464 3376 611 3456 proterve
634 3374 696 3439 sibi
717 3373 906 3457 inluderent,
927 3395 1060 3456 percon·

66 3449 196 3545 tabatur.
232 3459 293 3526 Sed
315 3464 352 3526 ut
374 3462 539 3526 cunctanti
570 3463 699 3546 squalor
729 3462 856 3527 ablutus
884 3464 932 3525 est
959 3466 992 3525 et
1012 3461 1059 3524 in-

67 3543 260 3614 1ectavestis
281 3572 422 3634 purpura
444 3571 583 3634 auroque
607 3550 757 3615 distincta
778 3554 811 3615 et
827 3550 904 3614 fides
919 3550 1059 3614 aiuran·
