2582 4098
272 203 525 260 HISTORIARUM
542 204 757 260 ALEXANDRI
774 205 825 276 IV,
846 212 886 261 11.
902 264 906 274 ,
1040 206 1081 272 75

66 372 196 437 agmen
219 371 313 415 suum
335 371 354 414 a
375 353 467 434 tergo
490 349 670 415 dimicantis
693 353 873 434 opponunt:
904 350 1081 436 ingensque

65 440 255 524 periculum
276 439 312 502 in
333 438 438 503 medio
456 438 589 502 haerens
608 437 736 523 adisset,
757 440 791 502 ni
810 438 932 522 equites
945 439 1083 524 Agriani

67 528 255 594 calcaribus
288 526 423 591 subditis
455 527 662 592 circumfluos
692 527 762 612 regi
793 527 946 593 barbaros
977 525 1082 592 adorti

67 619 188 682 essent
216 635 405 700 aversosque
433 615 592 679 caedendo
618 616 654 680 in
680 636 714 680 se
741 615 866 680 obverti
893 615 1082 700 coegissent.

67 704 223 770 Turbata
245 706 314 768 erat
335 707 470 786 utraque
493 704 584 768 acies.
620 701 802 768 Alexander
825 707 858 769 et
880 725 899 768 a
920 703 1026 768 fronte
1049 707 1082 768 et
1100 723 1133 772 aa

70 815 94 857 a
117 792 214 878 tergo
235 792 361 857 hostem
383 791 531 856 habebat.
573 790 636 867 Qui*
657 813 768 857 averso
792 793 822 856 ei
842 792 1018 875 instabant,
1041 792 1081 856 ab

69 879 232 966 Agrianis
249 880 408 964 equitibus
422 880 662 964 premebantur:
680 879 844 945 Bactriani
857 880 1082 964 inpedimentis

69 969 221 1033 hostium
250 968 382 1051 direptis
408 967 526 1032 reversi
553 967 679 1033 ordines
707 990 782 1033 suos
808 989 993 1052 recuperare
1015 990 1083 1033 non

70 1059 243 1141 poterant:
274 1057 368 1140 plura
390 1056 486 1121 simul
507 1056 644 1139 abrupta
666 1078 685 1120 a
708 1057 821 1121 ceteris
845 1057 986 1142 agmina,
1013 1055 1082 1121 ubi·

72 1166 215 1230 cumque
243 1145 341 1208 alium
368 1145 423 1208 alii
451 1144 518 1209 fors
545 1144 729 1228 miscuerat,
760 1145 964 1209 dimicabant
1008 1143 1081 1209 Duo
1101 1164 1133 1212 aa

72 1232 1083 1405 11111111111111111111111111111

74 1410 317 1475 vulnerabatur.
366 1406 467 1475 (lurru
493 1408 631 1493 Dareus,
665 1407 847 1474 Alexander
877 1429 959 1492 equo
990 1409 1081 1473 vehe-
1101 1428 1135 1476 24

74 1499 191 1563 batur:
236 1501 406 1582 utrumque
442 1497 555 1563 delecti
590 1499 763 1563 tuebantur
798 1498 848 1562 sui
882 1497 1083 1580 inmemores,

76 1586 197 1671 quippe
225 1586 342 1651 amisso
369 1605 444 1670 rege
470 1607 530 1651 neo
556 1586 708 1651 volebant
733 1585 814 1651 salvi
840 1607 909 1650 esse
932 1605 990 1649 neo
1012 1587 1083 1668 pot-

76 1678 181 1739 erant.
224 1673 311 1738 Ante
333 1674 442 1739 oculos
466 1675 516 1739 sui
538 1674 671 1759 quisque
693 1674 778 1759 regis
802 1677 937 1739 mortem
959 1693 1082 1737 occum-

75 1763 156 1826 bere
184 1762 321 1827 ducebat
349 1762 522 1847 egregium.
565 1761 742 1826 Maximum
769 1764 880 1826 tamen
907 1760 1083 1846 periculum
1102 1780 1135 1828 25

80 1850 227 1936 adibant,
251 1872 331 1935 quos
353 1851 490 1914 maxime
512 1850 698 1915 tuebantur:
726 1850 842 1933 quippe
866 1850 928 1914 sibi
950 1849 1083 1933 quisque

11 1943 65 2008 59
80 1940 167 2003 caesi
188 1938 273 2024 regis
296 1939 466 2021 expetebat
488 1938 591 2003 decus.
634 1935 792 2020 Ceterum,
815 1937 880 2002 sive
902 1938 983 2004 illud
1003 1936 1083 2000 ludi·
1103 1957 1136 2006 ac

80 2026 188 2091 brium
211 2027 373 2093 oculorum
398 2027 464 2091 sire
486 2047 561 2091 vera
583 2026 703 2109 species
726 2024 796 2109 fuit,
819 2025 873 2111 qui
892 2027 975 2091 cirea
988 2024 1083 2089 Alex-

81 2115 217 2180 andrum
249 2118 354 2197 erant,
385 2115 501 2179 vidisse
534 2135 567 2179 se
599 2113 799 2178 crediderunt
828 2115 960 2197 paulum
990 2137 1085 2198 super

82 2205 179 2286 caput
199 2203 285 2288 regis
304 2203 428 2286 placide
447 2203 609 2268 volantem
628 2203 777 2287 aquilam,
798 2223 865 2267 non
883 2225 962 2268 sono
982 2225 1085 2268 armo·

81 2313 166 2374 rum,
197 2313 262 2356 non
291 2291 412 2376 gemitu
438 2291 642 2356 morientium
666 2291 824 2355 territam:
861 2291 977 2376 diuque
1001 2292 1085 2356 circa

83 2401 200 2464 equum
213 2378 388 2445 Alexandri
409 2379 560 2464 pendenti
583 2379 696 2464 magis,
719 2400 815 2463 quam
832 2380 955 2444 volanti
969 2380 1084 2444 similis

83 2467 239 2550 adparuit.
288 2465 380 2534 (lerte
406 2470 496 2532 vates
523 2467 712 2531 Aristander
739 2467 813 2531 alba
839 2470 927 2532 veste
954 2466 1084 2532 indutus
1103 2487 1136 2535 2⁷

84 2560 117 2621 et
139 2555 249 2620 dextra
270 2555 452 2640 praeferens
474 2556 615 2620 lauream
637 2555 792 2619 militibus
814 2555 850 2619 in
871 2575 1015 2638 pugnam
1036 2555 1084 2619 in·

83 2645 180 2709 tentis
204 2666 295 2709 avem
317 2644 526 2729 monstrabat,
547 2643 633 2708 haud
655 2643 787 2707 dubium
810 2642 960 2706 victoriae
979 2642 1085 2725 auspi·

85 2733 176 2799 oium.
210 2731 328 2818 Ingens
351 2753 427 2816 ergo
451 2732 599 2797 alacritas
622 2735 655 2796 et
675 2731 792 2796 fiducia
812 2730 908 2814 paulo
932 2733 1005 2795 ante
1023 2733 1085 2794 ter·
1103 2750 1137 2799 28

84 2822 162 2885 ritos
193 2820 339 2886 accendit
370 2819 410 2884 ad
441 2841 596 2904 pugnam,
628 2820 739 2903 utique
769 2821 941 2902 postquam
973 2819 1086 2904 auriga

85 2908 195 2991 Darei,
224 2910 279 2993 qui
311 2912 384 2974 ante
415 2909 522 2993 ipsum
553 2908 667 2973 sedens
697 2927 794 2990 equos
820 2907 965 2991 regebat,
992 2907 1086 2971 hasta

84 2997 253 3062 transfixus
281 3000 339 3062 est.
382 2995 450 3061 Nee
477 2999 533 3060 aut
558 2995 674 3060 Persae
701 2998 757 3059 aut
778 2993 968 3060 Macedones
996 2994 1085 3060 dubi·

85 3089 198 3169 tavere,
220 3085 298 3170 quin
320 3086 388 3168 ipse
410 3105 467 3148 rex
489 3086 574 3148 esset
595 3084 726 3148 occisus.
761 3081 849 3168 Ergo
869 3083 999 3168 lugubri
1017 3083 1085 3147 ulu-
1104 3101 1137 3150 29

85 3175 152 3238 latu
174 3177 207 3238 et
226 3173 390 3239 incondito
413 3173 551 3237 clamore
574 3171 757 3257 gemituque
779 3173 881 3236 totam
901 3171 967 3235 fere
986 3171 1086 3235 aciem

87 3261 187 3328 adhuc
227 3283 328 3347 aequo
364 3261 469 3326 Marte
504 3260 717 3345 pugnantium
752 3260 920 3324 turbavere
957 3260 1087 3344 cognati

85 3349 180 3414 Darei
202 3353 236 3415 et
257 3351 421 3435 armigeri:
443 3349 631 3433 laevumque
652 3371 751 3413 cornu
768 3348 803 3412 in
821 3347 932 3433 fugam
950 3348 1086 3412 effusum

87 3437 271 3512 destituerat
301 3460 440 3522 currum,
477 3459 571 3522 quem
602 3458 621 3500 a
653 3437 763 3501 dextra
793 3440 884 3520 parte
915 3436 1026 3520 stipati
1052 3436 1087 3499 in

87 3527 223 3682 llll?
239 3527 619 3699 rttl3t0¹⁰⁰ll⁰¹l¹gt
651 3524 1137 3678 1111111111230

405 3663 415 3700 2
