2600 4096
183 155 250 221 220
553 152 584 220 o.
604 150 714 207 22222
731 151 818 208 surr

183 299 294 366 oculor
312 297 455 364 hostium
474 300 641 380 averteret,
663 295 882 362 Ptolemaeum
901 298 1050 364 omnibus
1067 297 1188 364 turmis

184 387 370 471 obequitare
396 386 491 452 iussit
517 385 628 469 procul
650 385 757 449 insula
784 390 817 450 22
844 385 978 450 subinde
1001 385 1099 452 Indos
1121 389 1187 452 cla·

132 487 165 536 22
183 497 272 541 more
303 478 437 557 terrere,
468 474 559 556 quasi
586 473 704 538 fiumen
732 477 957 538 transnaturus
983 473 1076 538 foret.
1120 473 1188 539 Per
1297 531 1298 540 ,

183 564 353 648 conplures
376 562 444 626 dies
466 561 670 625 Ptolemaeus
692 561 726 663 id
747 560 950 663 feciteoque
970 562 1105 628 consilio
1124 561 1188 627 Po·

131 751 166 801 20
182 669 728 822 biniuldbldiluecobigiifflddildurtldrell
754 653 1189 822 lelrirll'exlllldmcosrilsplddttdrni

182 827 287 891 hostis
310 826 417 890 insula
438 829 516 889 erat.
561 824 744 889 Alexander
764 825 799 889 in
822 825 948 890 diversa
974 829 1066 909 parte
1093 827 1189 909 ripae

184 914 283 979 stetui
314 935 407 979 suum
437 913 680 978 tabernaculum
711 913 807 977 iussit
833 913 1060 998 adsuetamque
1087 915 1186 980 corni·

183 1002 248 1067 tari
278 1002 385 1084 ipsum
412 1001 577 1068 eohortem
605 1004 678 1064 ante
706 1001 739 1064 id
765 1000 1008 1067 tabernaculum
1038 1005 1122 1067 stare
1152 1007 1187 1068 et

183 1111 311 1154 omnem
333 1093 525 1174 apparatum
547 1089 656 1174 regiae
678 1089 934 1173 magnificentiae
951 1089 1094 1154 hostium
1111 1111 1187 1156 ocu·

130 1179 224 1242 arlia
252 1179 291 1242 de
318 1178 477 1243 industria
508 1178 643 1243 ostendi.
696 1177 844 1242 Attalum
874 1178 987 1262 etiam,
1018 1178 1187 1263 aequalem

183 1266 246 1331 sibi
269 1269 302 1331 et
323 1265 409 1330 haud
432 1266 592 1348 disparem
614 1265 730 1330 habitu
752 1265 817 1330 oris
841 1269 874 1330 et
896 1265 1050 1348 eorporis,
1074 1266 1187 1350 utique

183 1375 254 1420 cum
271 1355 382 1437 procul
399 1354 570 1437 viseretur,
592 1357 681 1418 veste
703 1354 794 1438 regia
811 1357 945 1418 exornat
962 1353 1187 1436 praebiturum
1297 1403 1298 1420 r

183 1443 337 1526 speciem,
362 1443 469 1525 ipsum
491 1460 601 1525 regem
623 1441 673 1505 illi
695 1441 785 1524 ripae
807 1441 990 1525 praesidere
1017 1463 1076 1506 nec
1099 1443 1187 1528 cogi·

129 1542 163 1591 22
182 1533 253 1596 2222
266 1531 305 1594 (12
318 1529 467 1594 transitu.
503 1528 608 1593 Huius
627 1530 753 1594 consilii
772 1529 918 1594 effectum
935 1529 1040 1612 primo
1058 1534 1188 1595 morata

182 1620 358 1702 tempestas
390 1622 453 1702 est,
483 1639 558 1681 mox
590 1617 725 1701 adiuvit,
755 1617 956 1682 incommoda
986 1638 1113 1702 quoque
1144 1619 1186 1682 ad

129 1718 164 1768 23
182 1706 285 1772 bonos
304 1708 435 1770 eventus
458 1708 604 1769 vertente
620 1704 760 1770 fortuna
796 1705 943 1770 Traicere
962 1727 1088 1770 amnem
1111 1727 1187 1770 eum

182 1795 296 1859 ceteris
319 1794 419 1877 copiis
438 1793 472 1857 in
489 1794 655 1877 regionem
672 1793 808 1876 insulae,
831 1794 870 1858 de
889 1815 953 1876 qua
970 1797 1044 1858 ante
1062 1794 1186 1859 dietum

183 1887 246 1966 est,
267 1882 418 1966 parabat,
439 1903 551 1947 averso
574 1882 669 1946 hoste
686 1882 722 1944 in
743 1902 808 1965 eos,
830 1882 885 1965 qui
907 1903 980 1946 cum
996 1880 1186 1948 Ptolemaeo

182 1970 366 2034 inferiorem
399 1970 590 2035 obsederant
619 1969 737 2053 ripam,
770 1991 843 2034 cum
873 1970 1018 2053 procella
1047 1970 1187 2034 imbrem

183 2058 237 2121 vix
260 2058 319 2121 sub
342 2058 436 2122 tectis
460 2057 663 2122 tolerabilem
690 2056 837 2122 effundit:
865 2057 1035 2141 obrutique
1062 2059 1186 2123 milites

181 2144 292 2208 nimbo
320 2145 355 2209 in
386 2147 505 2208 terram
534 2146 720 2230 refugerunt
750 2145 889 2230 navigiis
920 2147 1107 2230 ratibusque
1132 2147 1187 2211 de·

183 2233 288 2297 sertis.
346 2229 407 2296 Sed
443 2233 709 2298 tumultuantium
743 2233 893 2299 fremitus
924 2234 1187 2318 obstrepentibus

129 2331 166 2384 24
182 2321 287 2386 ventis
310 2322 352 2386 ab
374 2320 468 2384 hoste
490 2343 556 2385 non
572 2326 701 2404 poterat
718 2321 831 2386 audiri.
874 2321 997 2387 Deinde
1020 2326 1186 2387 momento

182 2410 337 2494 temporis
367 2428 531 2492 repressus
559 2413 609 2474 est
634 2410 751 2492 imber,
782 2412 922 2474 ceterum
949 2410 1029 2475 adeo
1059 2412 1186 2494 spissae

181 2498 346 2563 intendere
369 2519 403 2562 se
425 2498 540 2576 nubes,
562 2501 599 2562 ut
621 2498 793 2562 conderent
813 2497 917 2562 lucem
939 2499 1054 2580 vixque
1076 2499 1186 2564 conlo·

128 2597 164 2648 25
182 2588 348 2669 quentium
374 2587 459 2650 inter
482 2587 570 2669 ipsos
592 2585 693 2650 facies
714 2585 957 2651 noscitarentur.
1003 2585 1187 2651 Terruisset

182 2675 281 2739 alium
303 2675 442 2740 obducta
463 2696 527 2740 nox
550 2674 652 2756 caelo,
679 2695 751 2738 cum
777 2673 889 2758 ignoto
913 2695 1006 2738 amne
1028 2675 1186 2758 navigan·

182 2761 259 2824 dum
289 2766 385 2842 esset,
416 2762 553 2828 forsitan
580 2761 675 2826 hoste
702 2783 773 2826 eam
804 2762 907 2844 ipsam
938 2762 1056 2846 ripum,
1087 2784 1188 2846 quam

183 2848 269 2913 caeci
296 2852 391 2932 atque
417 2850 579 2934 inprovidi
602 2849 756 2932 petebant,
783 2853 904 2914 2222222.
954 2851 1001 2914 At
1022 2871 1079 2914 rex
1101 2851 1186 2935 peri·

182 2957 255 3001 curo
279 2936 416 3019 gloriam
439 2958 605 3003 accersens
628 2942 661 3002 et
683 2937 927 3021 obscuritatem,
957 2959 1038 3021 quae
1061 2942 1187 3004 ceteros

128 3034 165 3088 26
182 3024 339 3102 terrebat,
362 3046 453 3089 suam
472 3026 671 3091 occasionem
689 3028 779 3090 ratus
797 3026 872 3090 dato
891 3027 999 3110 signo,
1017 3030 1055 3090 ut
1073 3047 1186 3092 omnes

183 3113 311 3176 silentio
335 3113 541 3178 ascenderent
562 3114 597 3177 in
619 3116 720 3198 rates,
748 3134 834 3198 eam,
861 3134 925 3196 qua
951 3114 1021 3198 ipse
1048 3114 1187 3180 veheba-

128 3211 163 3264 27
181 3203 250 3281 tur,
276 3200 414 3284 primam
441 3200 538 3265 iussit
563 3202 692 3284 expelli.
735 3199 847 3266 Vacua
874 3205 944 3267 erat
970 3202 1010 3266 ab
1036 3201 1187 3268 hostibus

181 3287 266 3371 ripa,
288 3310 368 3372 quae
386 3287 566 3372 petebatur,
585 3290 703 3372 quippe
722 3289 826 3354 adbuc
843 3289 945 3353 Porus
962 3289 1188 3354 Ptolemaeum

181 3378 308 3440 tantum
322 3376 516 3441 intuebatur.
556 3375 630 3440 Una
644 3397 721 3461 ergo
733 3378 819 3460 navi,
833 3399 930 3461 quam
943 3379 1055 3460 petrae
1067 3378 1188 3442 fluctus

180 3463 343 3548 inliserat,
373 3463 526 3529 haerente
553 3465 678 3529 ceterae
705 3465 857 3530 evadunt:
888 3486 1039 3549 armaque
1071 3487 1189 3550 capere

182 3551 301 3616 milites
325 3554 358 3615 22
378 3553 425 3617 ire
447 3551 482 3615 in
503 3550 630 3616 ordines
652 3553 755 3617 iussit.
