2600 4096
297 183 550 240 HISTORIARUM
569 184 781 238 ALEXANDBI
799 183 859 255 v11,
878 192 901 239 ῡ.
1042 185 1105 248 165

105 328 211 394 ceteri.
252 329 324 394 Hoc
345 329 440 394 modo
464 331 555 392 sexto
520 327 706 392 tdemum
728 327 779 394 die
802 329 835 392 in
856 329 1009 394 ulteriore
1034 330 1106 413 ripa

103 421 209 482 totum
233 416 406 482 exercitum
428 417 583 500 exposuit

59 507 96 570 22
190 504 324 589 Iamque
350 505 390 570 ad
417 503 670 606 persequendum
693 503 884 569 Bessumst
869 508 1011 570 tatuerat
1032 528 1103 656 pro·
1124 525 1157 574 19

96 593 208 678 gredi,
239 615 312 658 cum
343 615 395 676 ea,
427 614 508 676 quae
536 593 571 657 in
597 591 766 676 Sogdianis
794 597 885 658 erant
889 595 1104 678 ,cognoscit

104 679 309 766 Spitamenes
328 685 397 745 erat
418 681 504 745 inter
521 702 630 746 omnes
649 680 770 745 amieos
792 643 963 765 praecipuo
983 681 1104 746 honore

104 771 209 836 cultus
242 792 263 834 a
287 768 404 853 Besso,
436 770 491 834 sed
522 768 619 833 nullis
647 768 772 832 meritis
798 769 934 871 perfidia
962 770 1103 853 mitigari

102 861 225 942 potest:
252 879 333 960 quae
360 857 505 921 tamen
496 879 562 922 ram
584 857 689 921 minus
711 857 746 921 in
768 878 806 922 eo
828 856 935 923 invisa
958 879 1027 922 esse
1049 879 1104 942 po
1123 878 1158 926 ao

103 948 190 1011 terat
189 947 294 1030 ,quia
306 945 387 1010 nihil
403 946 462 1009 ulli
475 944 666 1010 nefastum
656 967 691 1008 ιιι
703 943 875 1028 Bessum,¹
866 946 1104 1012 interfectorem

103 1033 190 1119 regis
215 1034 279 1117 sui,
300 1032 478 1099 videbatur.
518 1033 573 1097 'Pit
575 1034 646 1098 ulus
669 1032 806 1098 facinori
830 1035 993 1116 speciosus
1016 1056 1106 1118 prae·

103 1122 282 1205 ferebatur,
310 1121 450 1187 vindicta
476 1120 588 1186 Darei:
619 1120 676 1185 sed
702 1121 879 1204 fortunam,
909 1143 976 1187 non
1003 1124 1105 1188 scelus

104 1210 218 1275 oderat
239 1209 341 1275 Bessi.
384 1209 532 1294 Namque
558 1214 596 1274 ut
617 1208 835 1273 Alexandrum
861 1210 981 1275 flumen
1004 1210 1106 1276 Oxum
1125 1231 1158 1281 ar

105 1318 275 1382 superasse
296 1298 460 1383 cognovit,
483 1297 722 1380 Dataphernem
745 1301 778 1361 et
800 1294 966 1380 Catonem,
990 1299 1105 1384 quibus

105 1409 123 1452 a
144 1385 249 1451 Besso
277 1386 417 1450 maxima
439 1385 517 1450 fides
539 1385 732 1470 habebatur,
753 1385 788 1450 in
810 1386 998 1451 societatem
1020 1388 1106 1470 cogi-

103 1478 191 1539 tatae
211 1474 258 1538 rei
280 1473 438 1539 adsciscit
477 1472 533 1538 Illi
555 1474 735 1557 promptius
758 1473 876 1539 adsunt
897 1494 994 1557 quam
1017 1495 1107 1559 roga-

104 1564 235 1645 bantur,
260 1561 501 1645 adsumptisque
522 1579 585 1626 vm
607 1561 793 1626 fortissimis
815 1561 985 1627 iuvenibus
1008 1563 1106 1626 talem

105 1651 216 1716 dolum
246 1649 424 1714 intendunt
474 1647 675 1732 Spitamenes
706 1651 814 1735 pergit
845 1648 885 1714 ad
910 1648 1046 1715 Bessum
1074 1656 1106 1713 et
1125 1671 1159 1719 aa

104 1737 240 1804 remotis
268 1737 399 1802 arbitris
428 1739 609 1822 conperisse
632 1737 678 1802 ait
706 1759 753 1821 se,
779 1738 926 1802 insidiari
954 1739 983 1802 ei
1009 1737 1106 1802 Data·

104 1827 251 1910 phernen
278 1830 311 1889 et
337 1823 494 1910 Catanen,
522 1831 559 1889 ut
585 1826 693 1889 vivum
720 1824 904 1890 Alexandro
936 1825 1107 1909 traderent,

105 1915 345 2067 Ξῗέἒέῗίἑιῖο
362 1917 759 2066 restruatur
785 1914 965 2066 titt?
997 1915 1140 2071 terh

6 2147 7 2170 ,
106 2091 229 2174 gratias
257 2089 338 2174 agit,
365 2052 623 2174 paraim'avidus
652 2051 798 2172 expleridi
822 2023 971 2174 suphplioii
986 2025 1107 2156 Iiadduci
1143 2024 1160 2072 3

6 2193 7 2198 ’
107 2200 159 2243 eos
185 2178 287 2243 iubet.
330 2176 384 2241 Illi
406 2178 555 2242 manibus
578 2199 637 2242 sua
659 2180 771 2260 sponte
798 2179 942 2263 religatis
966 2201 985 2242 a
1008 2179 1107 2263 parti·
1125 2199 1160 2248 aa

107 2267 231 2350 cipibus
254 2265 381 2330 consilii
402 2265 623 2332 trahebantur.
662 2264 749 2341 Quos
772 2266 889 2331 Bessus
913 2267 996 2332 truci
1017 2269 1108 2332 vultu

6 2355 7 2414 ζ
107 2355 234 2419 intuens
259 2353 426 2437 consurgit
450 2354 598 2419 manibus
620 2376 688 2418 uon
715 2357 960 2438 temperaturus.
1000 2353 1108 2439 Atque

6 2475 7 2504 ι
107 2443 155 2506 illi
183 2442 389 2507 simulatione
418 2443 538 2507 omissa
564 2442 804 2507 circumsistunt
831 2464 904 2506 eum
931 2445 964 2507 et
985 2442 1108 2507 frustra

6 2567 7 2592 1
107 2533 340 2615 repugnantem
364 2530 509 2595 vinciunt
530 2530 662 2614 derepto
685 2552 723 2594 ex
746 2530 852 2614 capite
867 2529 965 2629 ,regni
986 2529 1108 2629 insigni

108 2618 310 2702 lacerataque
347 2622 416 2682 vest
418 2639 448 2702 e,
484 2640 579 2720 quam
611 2641 628 2682 e
659 2617 772 2701 spoliis
807 2616 906 2683 occisi
936 2616 1095 2700 regisrn

106 2706 227 2771 duerat.
261 2705 323 2770 Ille
346 2704 422 2770 deos
445 2707 497 2770 sui
519 2706 648 2771 sceleris
666 2706 788 2770 ultores
808 2704 919 2769 adesse
942 2704 1140 2769 confessus
1125 2724 1159 2774 aa

105 2794 238 2875 adiecit,
265 2815 330 2859 non
352 2793 496 2858 Dareo
485 2795 614 2879 iniquos
641 2792 755 2875 fuisse,
782 2796 876 2876 quem
903 2792 951 2857 sic
978 2792 1108 2859 uleisce-

104 2888 232 2966 rentur,
254 2881 310 2946 sed
333 2880 517 2946 Alexandro
539 2881 698 2964 propitios
722 2902 804 2962 esse,
827 2880 916 2945 cuius
938 2881 1107 2946 victoriam

105 2992 234 3055 semper
260 2970 357 3034 etiam
384 2969 495 3035 hostes
523 2969 729 3033 adiuvissent.
770 2965 865 3032 Multi
865 2968 942 3033 tudo
971 2991 1013 3033 an
1041 2970 1108 3034 vin·
1126 2988 1161 3037 ao

106 3059 255 3124 dicatura
284 3057 422 3123 Bessum
452 3057 562 3139 fuerit,
594 3057 751 3120 incertum
779 3061 842 3133 est,
871 3056 934 3121 nisi
960 3057 1024 3140 illi,
1055 3059 1108 3141 qui

104 3148 288 3228 vinxerant,
307 3145 397 3210 iussu
410 3106 587 3210 Alexandri
604 3144 743 3208 fecisse
733 3166 821 3227 ipsos
836 3166 928 3209 emen
928 3145 981 3208 titi
928 3144 1107 3209 dtubios

105 3235 210 3300 adhue
225 3233 325 3298 animi
338 3233 536 3298 terruissent.
558 3231 597 3296 In
610 3254 727 3317 equum
740 3233 916 3316 inpositum
926 3233 1109 3297 Alexandro

106 3323 258 3389 tradituri
280 3321 408 3386 ducunt.

60 3408 97 3476 23
194 3410 284 3476 Inter
301 3410 382 3474 haec
399 3431 469 3493 rex,
487 3407 604 3492 quibus
623 3412 751 3474 matura
769 3413 839 3474 erat
856 3410 980 3489 missio,
999 3409 1108 3474 electis
1127 3424 1159 3478 at

105 3515 216 3566 nocco
247 3497 314 3562 sere
346 3497 424 3564 bina
455 3497 577 3561 talenta
611 3497 711 3582 equiti
745 3497 849 3581 dedit,
879 3497 980 3580 pediti
1017 3500 1110 3561 terna

54 3642 59 3650 .
106 3587 273 3652 denarium
306 3585 411 3669 milia,
442 3585 659 3669 monitosque,
690 3589 726 3650 ut
756 3585 876 3650 liberos
909 3588 1110 3669 generarent,

6 3715 8 3740 l

6 3813 7 3826 ι
