2600 4096
259 221 516 278 HISTORIARUM
527 220 748 277 namnum
766 220 840 291 VIII,
859 227 883 276 9.
1012 219 1076 283 209

72 367 247 450 vulgavere
270 367 305 430 in
327 369 452 432 exteras
475 369 601 451 gentes:
630 366 747 449 quippe
773 366 984 430 aestimantur
1004 385 1079 449 pur·

72 458 227 540 gemente
258 451 475 520 exaestuantis
506 454 582 518 freti
612 455 731 536 pretio,
763 454 847 537 quod
875 453 975 520 libido
1007 475 1079 519 con·

73 543 194 608 stituit
241 541 378 627 Ingenia
404 542 585 624 hominum,
616 542 701 606 sicut
730 541 861 626 ubique,
893 541 978 626 apud
1003 542 1132 608 illosne

73 631 220 696 locorum
248 652 375 714 quoque
404 631 486 695 situs
511 630 640 695 format.
689 628 832 714 Corpora
858 651 957 714 usqne
982 629 1079 714 pedes
1097 641 1131 690 21

73 719 212 783 carbaso
238 718 363 802 velant,
395 719 491 784 soleis
518 718 630 802 pedes,
659 719 766 802 capita
791 719 900 784 linteis
927 718 1079 801 vinciunt,

72 806 182 890 lapilli
203 827 242 871 ex
261 806 394 871 auribus
412 805 563 891 pendent,
585 806 718 872 brachia
740 828 866 891 quoque
889 811 922 872 et
942 807 1080 872 lacertos

73 915 156 959 auro
180 895 303 978 colunt,
330 894 446 978 quibus
469 895 554 959 inter
576 894 749 978 populares
771 899 828 960 aut
848 895 1002 961 nobilitas
1025 897 1082 960 aut

73 1004 154 1067 opes
184 983 334 1048 eminent
379 980 542 1067 Capillum
564 987 696 1066 pectunt
718 983 860 1068 saepius,
886 1004 983 1068 qnam
1010 986 1081 1048 ton·
1099 995 1133 1044 22

73 1072 169 1154 dent,
199 1075 343 1135 mentum
376 1092 501 1156 semper
531 1071 694 1136 intonsum
726 1074 791 1156 est,
825 1072 984 1155 reliquam
1016 1072 1082 1137 oris

29 1164 185 1230 blcutom
207 1159 248 1224 ad
270 1158 409 1242 speciem
431 1159 574 1224 levitatis
598 1163 784 1243 exaequant
823 1158 950 1244 Regum
972 1164 1083 1224 tamen
1101 1173 1132 1220 22

73 1247 217 1331 luxuria,
248 1269 345 1331 quam
377 1247 441 1330 ipsi
471 1247 745 1332 magnificentiam
776 1247 956 1330 appellant,
987 1269 1083 1331 super

75 1337 222 1402 omnium
254 1335 399 1422 gentium
431 1335 520 1400 vitia
570 1333 651 1401 Oum
675 1357 732 1400 rex
759 1338 862 1400 semet
886 1334 921 1400 in
951 1335 1082 1420 publico

75 1423 220 1508 conspici
255 1423 398 1506 patitur,
431 1423 576 1488 turibula
612 1428 767 1509 argentea
801 1423 943 1489 ministri
974 1423 1083 1488 ferunt

75 1516 246 1596 totumque
268 1511 341 1595 iter,
362 1533 419 1594 per
437 1512 522 1596 quod
539 1511 618 1576 ferri
636 1512 816 1596 destinavit,
839 1511 990 1577 odoribus
1009 1532 1081 1577 con·

75 1601 178 1685 plent.
218 1599 326 1664 Aurea
348 1600 463 1665 lectica
479 1601 666 1685 margaritis
685 1599 1016 1684 circumpendentibus
1033 1621 1082 1664 re·
1100 1613 1136 1662 22

76 1689 191 1772 cubat,
218 1688 369 1752 distincta
396 1691 472 1752 sunt
499 1709 578 1752 auro
601 1692 635 1752 et
659 1711 803 1774 purpura
827 1690 974 1772 carbasa,
1001 1709 1082 1771 quae
1125 1715 1131 1728 ·

75 1776 211 1840 indutus
243 1779 307 1840 est:
342 1776 490 1840 lecticam
521 1780 697 1860 sequuntur
728 1776 846 1841 armati
876 1774 1082 1860 corporisque
1101 1788 1135 1838 25

78 1863 242 1946 custodes,
269 1864 355 1928 inter
376 1885 456 1948 quos
479 1864 579 1929 ramis
602 1885 677 1929 aves
698 1864 852 1949 pendent,
877 1885 958 1948 quas
985 1866 1082 1929 cantu

78 1952 173 2016 seriis
194 1952 290 2016 rebus
313 1952 498 2036 obstrepere
526 1953 708 2018 docuerunt
750 1952 853 2037 Regia
878 1955 1007 2016 auratas
1031 1972 1083 2016 co·
1101 1965 1136 2014 26

77 2040 209 2104 lumnas
235 2039 348 2104 habet:
375 2041 462 2105 totas
489 2060 544 2104 eas
570 2040 647 2105 vitia
674 2061 752 2106 auro
777 2041 901 2105 caelata
925 2040 1084 2124 percurrit

78 2129 265 2212 ariumque,
296 2149 432 2211 quarum
460 2127 532 2192 visu
559 2129 697 2192 maxime
724 2127 879 2214 gaudent,
910 2131 1083 2214 argenteae

78 2215 206 2300 effigies
236 2236 336 2298 opera
367 2215 577 2300 distinguunt
629 2215 733 2302 Regia
763 2217 953 2282 adeuntibus
984 2220 1084 2302 patet,
1102 2229 1135 2279 27

78 2325 153 2368 cum
177 2303 330 2387 capillum
352 2304 454 2388 pectit
476 2306 572 2388 atque
595 2309 701 2371 ornat:
722 2308 799 2371 tunc
819 2327 975 2390 responsa
996 2306 1084 2389 lega·

78 2392 237 2475 tionibus,
259 2395 336 2457 tunc
352 2392 424 2456 iura
440 2392 650 2477 popularibus
667 2393 780 2457 reddit.
819 2391 967 2476 Demptis
987 2393 1083 2458 soleis

80 2479 234 2545 odoribus
265 2479 445 2544 inlinuntur
475 2481 581 2563 pedes.
629 2479 775 2546 Venatus
803 2481 961 2546 maximus
989 2481 1084 2546 labor
1102 2491 1137 2542 22

80 2572 132 2634 222
153 2568 279 2633 inclusa
300 2568 422 2633 vivario
443 2569 593 2634 animalia
610 2568 695 2634 inter
716 2572 793 2634 vota
814 2571 989 2651 cantusque
1007 2566 1085 2652 peli-

80 2678 154 2721 cum
167 2657 275 2741 figere.
305 2654 425 2722 Binum
438 2657 620 2722 cubitorum
633 2657 772 2741 sagittae
791 2659 875 2738 sunt,
894 2675 975 2739 quas
994 2656 1086 2720 emit·

80 2748 158 2809 tunt
183 2744 305 2809 maiore
331 2745 405 2809 nisa
432 2767 527 2829 quam
552 2745 664 2810 effectu
671 2793 680 2826 ,
707 2743 825 2828 quippe
850 2743 965 2828 telum,
995 2744 1085 2809 cuius

80 2833 115 2896 in
141 2832 276 2897 levitate
304 2833 354 2897 ris
377 2834 482 2897 omnis
506 2835 569 2917 est,
595 2832 734 2897 inhabili
758 2830 898 2914 pondere
925 2837 1084 2898 oneratur.

81 2919 239 2986 Breviora
264 2921 382 2985 itinera
410 2942 492 3004 equo
519 2920 661 2986 conficit:
687 2918 816 3003 longior
842 2919 898 2984 ubi
924 2921 1084 3003 expeditio
1102 2932 1139 2981 22

83 3013 146 3092 222,
174 3008 339 3091 elephanti
366 3008 487 3073 vehunt
513 3029 641 3073 curram
668 3010 701 3073 et
726 3011 891 3073 tantarum
917 3008 1085 3073 beluarum

83 3118 218 3182 corpora
248 3099 319 3161 tota
349 3099 526 3181 contegunt
557 3117 646 3161 auro.
698 3095 748 3160 Ac
777 3116 818 3160 ne
848 3095 925 3180 quid
951 3097 1086 3180 perditis

83 3184 227 3250 moribus
250 3185 344 3267 desit,
364 3184 486 3250 lecticis
508 3185 615 3250 aureis
637 3183 776 3269 pelicum
797 3184 914 3270 longus
937 3185 1014 3249 ordo
1038 3205 1086 3249 se·

85 3275 207 3358 quitur:
230 3276 414 3356 separatum
435 3294 456 3336 a
477 3273 609 3358 reginae
627 3271 737 3337 ordine
755 3293 871 3357 agmen
889 3275 939 3337 est
956 3275 1086 3356 aequat

84 3383 144 3446 que
175 3361 344 3426 luxuriam.
398 3359 547 3426 Feminae
580 3361 692 3445 epulas
724 3363 848 3444 parant.
900 3359 953 3424 Ab
984 3359 1086 3425 isdem
1104 3372 1140 3422 30

84 3452 210 3520 vinum,
227 3449 443 3534 ministratur,
474 3450 563 3514 cuius
595 3449 744 3514 omnibus
775 3447 864 3514 Indis
895 3448 1004 3533 largus
1037 3451 1088 3512 est

84 3561 171 3606 usus.
215 3537 339 3623 Regem
365 3558 455 3603 mero
483 3559 658 3622 somnoque
685 3536 826 3620 sopitum
848 3535 883 3600 in
905 3535 1087 3601 cubiculum

84 3628 204 3710 pelicea
234 3626 391 3710 referunt,
421 3626 529 3710 patrio
562 3626 701 3691 carmine
727 3625 869 3690 noctium
900 3623 1088 3690 invocantes

138 3741 230 3782 curtino
244 3739 324 3782 Rufus.
896 3730 930 3780 14
