2552 4108
219 189 261 256 36
590 187 621 255 o.
641 187 751 244 cuam
768 187 855 242 acm

218 335 370 402 uentibus
392 333 587 418 profundum
610 355 707 417 mare,
729 332 813 416 quod
835 332 890 397 vix
911 330 1019 396 divina
1037 353 1100 415 ope
1118 337 1240 415 posset

218 422 342 506 inpleri.
383 422 471 498 Quae
494 443 571 486 saxa
593 425 660 486 tam
683 427 788 504 vasta,
812 441 891 504 quas
913 423 980 484 tam
1001 441 1163 504 proceras
1191 443 1239 484 ar-

220 512 313 576 bores
342 531 436 595 posse
463 510 616 592 reperiri?
653 509 883 574 exhauriendas
910 529 979 572 esse
1001 508 1177 592 regiones,
1206 520 1241 572 ut

218 600 297 665 illud
316 599 456 682 spatium
475 602 735 682 exaggeraretur:
758 601 941 661 exaestuare
958 617 1085 680 semper
1098 597 1241 680 fretum,

220 708 346 773 quoque
373 687 473 750 artius
495 687 656 750 volutetur
677 686 762 750 inter
783 685 920 749 insulam
943 687 976 748 et
997 685 1241 768 continentem,

169 795 200 843 17
219 777 280 840 hoo
313 774 417 838 acrius
448 773 563 839 furere.
612 774 659 838 At
684 774 738 838 ille
764 773 1011 857 haudquaquam
1037 773 1130 836 rudis
1163 796 1242 857 per-

219 861 379 927 tractandi
410 862 564 927 militares
596 863 720 926 animos
751 862 888 945 speciem
919 861 981 925 sibi
1010 859 1168 926 Herculis
1206 863 1241 925 in

220 972 333 1014 somno
362 950 504 1013 oblatam
532 971 601 1014 essa
627 951 817 1034 pronuntiat
843 949 987 1013 dextram
1013 950 1240 1034 porrigentis:

219 1038 275 1102 illo
307 1039 398 1122 duce,
430 1038 485 1101 illo
515 1039 677 1121 aperiente
704 1039 738 1102 in
764 1037 877 1101 urbem
903 1038 1024 1101 intrare
1052 1058 1086 1102 se
1114 1038 1241 1102 visum.

219 1125 309 1190 Inter
330 1126 409 1190 haec
431 1126 656 1191 caduceatores
678 1125 876 1209 interfectos,
899 1126 1043 1210 gentium
1065 1126 1140 1189 iura
1167 1128 1240 1190 vio·

219 1215 286 1277 lata
312 1215 482 1279 referebat:
519 1237 617 1279 unam
653 1236 721 1278 esse
754 1213 879 1298 urbem,
911 1235 992 1298 quae
1024 1234 1159 1278 cursum
1192 1215 1239 1278 vi-

169 1319 201 1367 18
220 1303 317 1366 ctoris
349 1304 467 1367 morari
495 1324 573 1367 ausa
603 1306 696 1368 esset.
740 1301 881 1367 Ducibus
913 1301 1026 1365 deinde
1057 1303 1238 1386 negotium

220 1390 327 1473 datur,
349 1396 387 1456 ut
408 1413 482 1455 suos
506 1392 640 1474 quisque
663 1391 812 1475 castiget,
833 1390 973 1472 satisque
996 1391 1149 1455 omnibus
1178 1393 1237 1455 sti-

219 1480 348 1542 mulatis
367 1501 447 1562 opus
466 1500 557 1542 orsus
576 1481 633 1542 est.
669 1477 789 1564 Magna
807 1478 856 1544 vis
875 1500 1023 1542 saxorum
1037 1478 1079 1542 ad
1093 1501 1236 1542 manum

220 1573 289 1632 erat
303 1567 389 1649 Tyro
412 1571 518 1630 vetere
539 1567 726 1648 praebente:
749 1567 897 1631 materies
918 1588 957 1630 ex
972 1565 1096 1630 Libano
1117 1573 1236 1631 monte

169 1672 200 1720 19
219 1657 342 1719 ratibus
369 1658 402 1718 et
427 1654 568 1717 turribus
595 1654 750 1719 faciendis
775 1654 999 1719 advehebatur.
1050 1654 1192 1738 Iamque
1217 1677 1235 1718 a

219 1744 318 1808 fundo
350 1742 448 1806 maris
479 1743 515 1806 in
546 1742 748 1807 altitudinem
779 1742 938 1807 modicam
965 1765 1046 1825 opus
1074 1748 1235 1824 creverat,

168 1848 202 1897 20
220 1832 363 1895 nondum
390 1835 499 1895 tamen
522 1852 622 1914 aquae
645 1831 812 1916 fastigium
835 1831 1007 1915 aequabat:
1037 1851 1111 1894 cum
1137 1831 1235 1914 Tyrii

220 1920 326 2001 parvis
357 1920 494 2004 navigiis
526 1920 662 1984 admotis
694 1942 752 2003 per
779 1918 952 1982 ludibrium
980 1919 1235 2002 exprobrabant,
1266 1967 1267 2002 ,

219 2007 293 2069 illos
317 2006 414 2070 armis
437 2007 564 2071 inclitos
587 2008 681 2072 dorso
705 2009 787 2071 sicut
804 2007 947 2070 iumenta
966 2028 1064 2071 onera
1082 2011 1233 2090 gestare:
1266 2005 1267 2024 ¹

220 2094 465 2176 interrogabant
491 2096 600 2177 etiam,
631 2117 708 2159 num
734 2096 836 2160 maior
862 2093 1014 2178 Neptuno
1042 2094 1234 2159 Alexander

221 2181 331 2243 esset?
376 2179 464 2246 Haeo
490 2183 561 2265 ipsa
588 2183 757 2247 insectatio
784 2184 981 2247 alacritatem
1007 2183 1151 2246 militum
1182 2206 1232 2247 ac·

168 2286 200 2335 al
222 2268 337 2332 cendit.
372 2267 503 2352 Iamque
526 2272 657 2353 paulum
680 2272 780 2336 moles
799 2294 882 2356 aqua
900 2271 1062 2336 eminebat
1079 2275 1112 2334 et
1130 2272 1266 2337 simulll

221 2358 348 2441 aggeris
374 2358 510 2423 latitudo
538 2359 700 2423 crescebat
726 2361 859 2443 urbique
882 2359 1122 2423 admovebatur:
1156 2382 1232 2423 cum

221 2445 309 2529 Tyrii
331 2447 553 2532 magnitudine
572 2449 674 2530 molis,
697 2449 786 2512 cuius
805 2449 1036 2512 incrementum
1054 2469 1109 2512 eoa
1129 2453 1232 2511 antea

220 2535 390 2621 fefellerat,
426 2540 597 2620 conspecta
631 2536 754 2601 levibus
791 2537 928 2621 navigiis
965 2535 1109 2599 nondum
1139 2557 1231 2601 com-

221 2625 355 2689 missum
382 2648 463 2710 opus
490 2624 655 2690 circumire
682 2628 868 2708 coeperunt,
897 2624 1071 2688 missilibus
1099 2645 1232 2709 quoque

169 2729 202 2777 22
222 2732 286 2793 eoa,
310 2715 365 2797 qui
387 2738 446 2798 pro
469 2736 562 2797 opere
586 2715 725 2794 stabant,
746 2713 912 2777 incessere.
948 2710 1058 2775 Multis
1082 2731 1160 2795 ergo
1184 2714 1231 2776 in·

222 2821 305 2882 pune
328 2803 511 2885 vulneratis,
535 2825 606 2867 cum
629 2806 662 2865 et
684 2822 845 2865 removere
864 2805 896 2865 et
914 2800 1071 2883 adpellere
1090 2799 1231 2882 scaphas

221 2889 256 2950 in
289 2890 435 2971 expedito
463 2894 559 2973 esset,
591 2890 631 2954 ad
663 2905 772 2953 curam
802 2892 902 2953 semet
930 2889 1017 2971 ipsos
1045 2887 1157 2950 tuendi
1189 2888 1230 2951 ab

223 2997 317 3058 opere
343 2981 580 3042 converterant:
613 2981 645 3041 et
669 2998 730 3060 quo
753 2978 881 3062 longius
904 2978 1005 3041 moles
1028 2976 1188 3060 agebatur
1212 2999 1230 3038 a

222 3064 328 3144 litore,
363 3064 425 3129 hoc
456 3068 573 3150 magis,
610 3065 762 3148 quidquid
793 3065 1011 3150 ingerebatur,
1045 3065 1229 3147 praealtum

170 3171 203 3219 23
223 3151 415 3216 absorbebat
437 3174 533 3215 marc.
577 3153 681 3238 Igitur
707 3175 762 3217 rex
788 3152 1004 3218 munientibus
1033 3153 1120 3216 coria
1142 3153 1227 3215 vela·

223 3260 284 3321 que
307 3242 400 3305 iussit
422 3241 566 3322 obtendi,
593 3247 630 3306 ut
652 3246 741 3306 extra
762 3243 819 3305 teli
841 3242 960 3306 iactum
983 3244 1102 3322 essent,
1133 3240 1226 3304 duas·

223 3349 284 3410 que
312 3332 414 3392 turres
443 3350 481 3392 ex
507 3329 610 3410 capite
638 3331 731 3394 molis
759 3331 870 3410 erexit,
903 3351 919 3393 e
950 3330 1064 3412 quibus
1091 3329 1126 3392 in
1153 3329 1226 3392 sub·

170 3434 205 3484 14
224 3419 336 3480 euntes
365 3417 500 3500 scaphas
523 3417 587 3479 tela
608 3417 712 3501 ingeri
734 3423 875 3502 possent.
920 3415 1041 3482 Contra
1060 3417 1149 3500 Tyrii
1169 3437 1225 3481 na·

222 3504 309 3587 rigia
336 3507 446 3588 procul
475 3527 493 3568 a
518 3514 691 3588 conspectu
714 3506 855 3570 hostium
878 3507 964 3569 litori
987 3506 1152 3588 adpellunt
1174 3526 1224 3568 ex·

221 3595 399 3678 positisque
426 3593 581 3658 militibus
609 3615 677 3679 eos,
706 3595 761 3678 qui
788 3617 864 3658 saxa
891 3596 1072 3679 gestabant,
1094 3595 1224 3658 obtrun-
