<?xml version="1.0" encoding="UTF-8"?>
<!DOCTYPE html PUBLIC "-//W3C//DTD XHTML 1.0 Transitional//EN"
    "http://www.w3.org/TR/xhtml1/DTD/xhtml1-transitional.dtd">
<html xmlns="http://www.w3.org/1999/xhtml" xml:lang="en" lang="en">
 <head>
  <title>
</title>
<meta http-equiv="Content-Type" content="text/html;charset=utf-8" />
  <meta name='ocr-system' content='tesseract 3.04.00' />
  <meta name='ocr-capabilities' content='ocr_page ocr_carea ocr_par ocr_line ocrx_word'/>
</head>
<body>
  <div class='ocr_page' id='page_1' title='image "./qcurtirufihisto04rufugoog_0304.png"; bbox 0 0 2602 4094; ppageno 0'>
   <div class='ocr_carea' id='block_1_1' title="bbox 202 149 870 268">
    <p class='ocr_par' dir='ltr' id='par_1_1' title="bbox 202 149 870 268">
     <span class='ocr_line' id='line_1_1' title="bbox 202 149 870 268; baseline -0.01 -4"><span class='ocrx_word' id='word_1_1' title='bbox 202 149 205 156; x_wconf 27' lang='lat'><strong>¹</strong></span> <span class='ocrx_word' id='word_1_2' title='bbox 233 199 299 264; x_wconf 80' lang='lat' dir='ltr'><strong>are</strong></span> <span class='ocrx_word' id='word_1_3' title='bbox 604 203 870 268; x_wconf 70' lang='lat' dir='ltr'><strong>ceraunon</strong></span> 
     </span>
    </p>
   </div>
   <div class='ocr_carea' id='block_1_2' title="bbox 663 401 806 484">
    <p class='ocr_par' dir='ltr' id='par_1_2' title="bbox 663 401 806 484">
     <span class='ocr_line' id='line_1_2' title="bbox 663 401 806 484; baseline 0.014 -3"><span class='ocrx_word' id='word_1_4' title='bbox 663 401 744 484; x_wconf 73' lang='lat' dir='ltr'><strong>itur.</strong></span> <span class='ocrx_word' id='word_1_5' title='bbox 766 416 806 483; x_wconf 89' lang='lat' dir='ltr'><strong>V.</strong></span> 
     </span>
    </p>
   </div>
   <div class='ocr_carea' id='block_1_3' title="bbox 132 520 1280 3699">
    <p class='ocr_par' dir='ltr' id='par_1_3' title="bbox 200 520 1262 694">
     <span class='ocr_line' id='line_1_3' title="bbox 200 520 1262 608; baseline 0.005 -27"><span class='ocrx_word' id='word_1_6' title='bbox 200 533 212 580; x_wconf 88' lang='lat'>1</span> <span class='ocrx_word' id='word_1_7' title='bbox 319 520 525 587; x_wconf 87' lang='lat' dir='ltr'><strong>Intuentibus</strong></span> <span class='ocrx_word' id='word_1_8' title='bbox 557 521 709 587; x_wconf 72' lang='lat' dir='ltr'><strong>lacrimae</strong></span> <span class='ocrx_word' id='word_1_9' title='bbox 739 523 871 588; x_wconf 86' lang='lat' dir='ltr'><strong>obortae</strong></span> <span class='ocrx_word' id='word_1_10' title='bbox 898 523 1071 608; x_wconf 88' lang='lat' dir='ltr'><strong>praebuere</strong></span> <span class='ocrx_word' id='word_1_11' title='bbox 1098 524 1223 607; x_wconf 90' lang='lat' dir='ltr'><strong>speciem</strong></span> <span class='ocrx_word' id='word_1_12' title='bbox 1233 525 1262 586; x_wconf 85' lang='grc'><strong>14</strong></span> 
     </span>
     <span class='ocr_line' id='line_1_4' title="bbox 215 609 1225 694; baseline 0.002 -20"><span class='ocrx_word' id='word_1_13' title='bbox 215 611 297 674; x_wconf 77' lang='lat' dir='ltr'><strong>iam</strong></span> <span class='ocrx_word' id='word_1_14' title='bbox 327 631 394 675; x_wconf 90' lang='lat' dir='ltr'><strong>non</strong></span> <span class='ocrx_word' id='word_1_15' title='bbox 424 629 547 694; x_wconf 79' lang='lat' dir='ltr'><strong>regem,</strong></span> <span class='ocrx_word' id='word_1_16' title='bbox 583 609 638 674; x_wconf 91' lang='lat' dir='ltr'><strong>sed</strong></span> <span class='ocrx_word' id='word_1_17' title='bbox 673 610 771 676; x_wconf 82' lang='lat' dir='ltr'><strong>funus</strong></span> <span class='ocrx_word' id='word_1_18' title='bbox 803 611 871 677; x_wconf 87' lang='lat' dir='ltr'><strong>eius</strong></span> <span class='ocrx_word' id='word_1_19' title='bbox 906 612 1040 676; x_wconf 87' lang='lat' dir='ltr'><strong>visentis</strong></span> <span class='ocrx_word' id='word_1_20' title='bbox 1073 613 1225 678; x_wconf 90' lang='lat' dir='ltr'><strong>exercitus.</strong></span> 
     </span>
    </p>

    <p class='ocr_par' dir='ltr' id='par_1_4' title="bbox 132 697 1225 784">
     <span class='ocr_line' id='line_1_5' title="bbox 132 697 1225 784; baseline -0.002 -20"><span class='ocrx_word' id='word_1_21' title='bbox 132 741 146 762; x_wconf 79' lang='grc'><strong>-,</strong></span> <span class='ocrx_word' id='word_1_22' title='bbox 197 708 213 756; x_wconf 76' lang='lat'><strong>2</strong></span> <span class='ocrx_word' id='word_1_23' title='bbox 232 697 361 764; x_wconf 89' lang='lat' dir='ltr'><strong>Maeror</strong></span> <span class='ocrx_word' id='word_1_24' title='bbox 381 701 491 762; x_wconf 91' lang='lat' dir='ltr'><strong>tamen</strong></span> <span class='ocrx_word' id='word_1_25' title='bbox 513 699 788 764; x_wconf 86' lang='lat' dir='ltr'><strong>circumstantium</strong></span> <span class='ocrx_word' id='word_1_26' title='bbox 810 699 931 764; x_wconf 87' lang='lat' dir='ltr'><strong>lectum</strong></span> <span class='ocrx_word' id='word_1_27' title='bbox 959 700 1133 765; x_wconf 79' lang='lat' dir='ltr'>eminebat:</span> <span class='ocrx_word' id='word_1_28' title='bbox 1156 721 1225 784; x_wconf 89' lang='lat' dir='ltr'><strong>quos</strong></span> 
     </span>
    </p>

    <p class='ocr_par' dir='ltr' id='par_1_5' title="bbox 198 785 1226 1048">
     <span class='ocr_line' id='line_1_6' title="bbox 234 785 1226 872; baseline 0 -20"><span class='ocrx_word' id='word_1_29' title='bbox 234 791 269 852; x_wconf 91' lang='lat' dir='ltr'><strong>ut</strong></span> <span class='ocrx_word' id='word_1_30' title='bbox 290 808 347 852; x_wconf 88' lang='lat' dir='ltr'><strong>rex</strong></span> <span class='ocrx_word' id='word_1_31' title='bbox 371 785 533 869; x_wconf 73' lang='lat' dir='ltr'>adspexit,</span> <span class='ocrx_word' id='word_1_32' title='bbox 563 785 782 869; x_wconf 78' lang='lat' dir='ltr'><strong>‘Invenietis,&#39;</strong></span> <span class='ocrx_word' id='word_1_33' title='bbox 809 788 926 872; x_wconf 91' lang='lat' dir='ltr'><strong>inquit,</strong></span> <span class='ocrx_word' id='word_1_34' title='bbox 954 787 1043 852; x_wconf 78' lang='lat' dir='ltr'><strong>‘cum</strong></span> <span class='ocrx_word' id='word_1_35' title='bbox 1065 809 1226 870; x_wconf 81' lang='lat' dir='ltr'>excessero,</span> 
     </span>
     <span class='ocr_line' id='line_1_7' title="bbox 198 873 1225 962; baseline 0.005 -28"><span class='ocrx_word' id='word_1_36' title='bbox 198 874 367 960; x_wconf 79' lang='lat' dir='ltr'><strong>adignum</strong></span> <span class='ocrx_word' id='word_1_37' title='bbox 393 874 514 939; x_wconf 88' lang='lat' dir='ltr'><strong>talibus</strong></span> <span class='ocrx_word' id='word_1_38' title='bbox 541 874 621 940; x_wconf 85' lang='lat' dir='ltr'><strong>viris</strong></span> <span class='ocrx_word' id='word_1_39' title='bbox 643 873 791 962; x_wconf 81' lang='lat' dir='ltr'><strong>regem?’</strong></span> <span class='ocrx_word' id='word_1_40' title='bbox 822 876 1014 941; x_wconf 84' lang='lat' dir='ltr'>Incredibile</span> <span class='ocrx_word' id='word_1_41' title='bbox 1041 876 1128 942; x_wconf 88' lang='lat' dir='ltr'><strong>dictu</strong></span> <span class='ocrx_word' id='word_1_42' title='bbox 1150 877 1225 941; x_wconf 90' lang='lat' dir='ltr'><strong>audi·</strong></span> 
     </span>
     <span class='ocr_line' id='line_1_8' title="bbox 231 962 1226 1048; baseline 0.002 -22"><span class='ocrx_word' id='word_1_43' title='bbox 231 967 345 1046; x_wconf 91' lang='lat' dir='ltr'><strong>tuque,</strong></span> <span class='ocrx_word' id='word_1_44' title='bbox 371 962 406 1026; x_wconf 92' lang='lat' dir='ltr'><strong>in</strong></span> <span class='ocrx_word' id='word_1_45' title='bbox 428 962 539 1027; x_wconf 91' lang='lat' dir='ltr'><strong>eodem</strong></span> <span class='ocrx_word' id='word_1_46' title='bbox 561 962 677 1028; x_wconf 90' lang='lat' dir='ltr'><strong>habitu</strong></span> <span class='ocrx_word' id='word_1_47' title='bbox 700 965 858 1048; x_wconf 89' lang='lat' dir='ltr'><strong>corporis,</strong></span> <span class='ocrx_word' id='word_1_48' title='bbox 885 966 919 1028; x_wconf 92' lang='lat' dir='ltr'><strong>in</strong></span> <span class='ocrx_word' id='word_1_49' title='bbox 943 986 1037 1048; x_wconf 89' lang='lat' dir='ltr'><strong>quern</strong></span> <span class='ocrx_word' id='word_1_50' title='bbox 1066 987 1101 1030; x_wconf 86' lang='lat' dir='ltr'><strong>se</strong></span> <span class='ocrx_word' id='word_1_51' title='bbox 1122 987 1226 1048; x_wconf 84' lang='lat' dir='ltr'><strong>conpo</strong></span> 
     </span>
    </p>

    <p class='ocr_par' dir='ltr' id='par_1_6' title="bbox 134 1051 1227 1224">
     <span class='ocr_line' id='line_1_9' title="bbox 134 1051 1227 1138; baseline 0.001 -23"><span class='ocrx_word' id='word_1_52' title='bbox 134 1085 150 1098; x_wconf 79' lang='lat'>-</span> <span class='ocrx_word' id='word_1_53' title='bbox 233 1053 354 1134; x_wconf 89' lang='lat' dir='ltr'><strong>suerat,</strong></span> <span class='ocrx_word' id='word_1_54' title='bbox 383 1072 455 1115; x_wconf 90' lang='lat' dir='ltr'><strong>oum</strong></span> <span class='ocrx_word' id='word_1_55' title='bbox 477 1051 675 1116; x_wconf 80' lang='lat' dir='ltr'><strong>admissurus</strong></span> <span class='ocrx_word' id='word_1_56' title='bbox 698 1053 820 1118; x_wconf 79' lang='lat' dir='ltr'><strong>milites</strong></span> <span class='ocrx_word' id='word_1_57' title='bbox 843 1057 941 1136; x_wconf 82' lang='lat' dir='ltr'><strong>esset,</strong></span> <span class='ocrx_word' id='word_1_58' title='bbox 972 1052 1118 1138; x_wconf 79' lang='lat' dir='ltr'><strong>durasse,</strong></span> <span class='ocrx_word' id='word_1_59' title='bbox 1140 1055 1227 1117; x_wconf 88' lang='lat' dir='ltr'><strong>donec</strong></span> 
     </span>
     <span class='ocr_line' id='line_1_10' title="bbox 182 1139 1226 1224; baseline 0.001 -20"><span class='ocrx_word' id='word_1_60' title='bbox 182 1156 188 1162; x_wconf 83' lang='lat'>·</span> <span class='ocrx_word' id='word_1_61' title='bbox 232 1142 339 1204; x_wconf 91' lang='lat' dir='ltr'><strong>atoto</strong></span> <span class='ocrx_word' id='word_1_62' title='bbox 362 1140 505 1204; x_wconf 86' lang='lat' dir='ltr'><strong>exercitu</strong></span> <span class='ocrx_word' id='word_1_63' title='bbox 527 1139 609 1204; x_wconf 94' lang='lat' dir='ltr'><strong>illud</strong></span> <span class='ocrx_word' id='word_1_64' title='bbox 631 1139 782 1205; x_wconf 91' lang='lat' dir='ltr'><strong>ultimum</strong></span> <span class='ocrx_word' id='word_1_65' title='bbox 804 1142 1021 1224; x_wconf 79' lang='lat' dir='ltr'><strong>persalutatus</strong></span> <span class='ocrx_word' id='word_1_66' title='bbox 1043 1145 1107 1206; x_wconf 88' lang='lat' dir='ltr'><strong>est:</strong></span> <span class='ocrx_word' id='word_1_67' title='bbox 1130 1141 1226 1206; x_wconf 90' lang='lat' dir='ltr'><strong>dimis-</strong></span> 
     </span>
    </p>

    <p class='ocr_par' dir='ltr' id='par_1_7' title="bbox 175 1228 1280 2469">
     <span class='ocr_line' id='line_1_11' title="bbox 233 1228 1227 1314; baseline 0 -22"><span class='ocrx_word' id='word_1_68' title='bbox 233 1248 332 1311; x_wconf 85' lang='lat' dir='ltr'><strong>soque</strong></span> <span class='ocrx_word' id='word_1_69' title='bbox 355 1228 453 1311; x_wconf 79' lang='lat' dir='ltr'><strong>vulgo</strong></span> <span class='ocrx_word' id='word_1_70' title='bbox 476 1228 565 1293; x_wconf 80' lang='lat' dir='ltr'><strong>velut</strong></span> <span class='ocrx_word' id='word_1_71' title='bbox 583 1230 672 1293; x_wconf 94' lang='lat' dir='ltr'><strong>omni</strong></span> <span class='ocrx_word' id='word_1_72' title='bbox 690 1230 776 1293; x_wconf 84' lang='lat' dir='ltr'><strong>vitae</strong></span> <span class='ocrx_word' id='word_1_73' title='bbox 795 1229 903 1294; x_wconf 90' lang='lat' dir='ltr'><strong>debito</strong></span> <span class='ocrx_word' id='word_1_74' title='bbox 922 1229 1080 1295; x_wconf 86' lang='lat' dir='ltr'><strong>liberatus</strong></span> <span class='ocrx_word' id='word_1_75' title='bbox 1098 1229 1227 1314; x_wconf 84' lang='lat' dir='ltr'><strong>fatigata</strong></span> 
     </span>
     <span class='ocr_line' id='line_1_12' title="bbox 196 1316 1223 1401; baseline 0.008 -27"><span class='ocrx_word' id='word_1_76' title='bbox 196 1317 378 1382; x_wconf 77' lang='lat' dir='ltr'><strong>cmembra</strong></span> <span class='ocrx_word' id='word_1_77' title='bbox 410 1317 529 1382; x_wconf 85' lang='lat' dir='ltr'><strong>reiecit</strong></span> <span class='ocrx_word' id='word_1_78' title='bbox 577 1316 778 1401; x_wconf 89' lang='lat' dir='ltr'><strong>Propiueque</strong></span> <span class='ocrx_word' id='word_1_79' title='bbox 811 1318 899 1382; x_wconf 84' lang='lat' dir='ltr'><strong>adire</strong></span> <span class='ocrx_word' id='word_1_80' title='bbox 929 1318 1027 1382; x_wconf 85' lang='lat' dir='ltr'><strong>iussis</strong></span> <span class='ocrx_word' id='word_1_81' title='bbox 1060 1319 1171 1384; x_wconf 89' lang='lat' dir='ltr'><strong>amicis</strong></span> <span class='ocrx_word' id='word_1_82' title='bbox 1194 1353 1223 1363; x_wconf 93' lang='lat'>-</span> 
     </span>
     <span class='ocr_line' id='line_1_13' title="bbox 231 1404 1226 1490; baseline 0.001 -21"><span class='ocrx_word' id='word_1_83' title='bbox 231 1426 309 1470; x_wconf 87' lang='lat' dir='ltr'><strong>nam</strong></span> <span class='ocrx_word' id='word_1_84' title='bbox 335 1408 368 1469; x_wconf 87' lang='lat' dir='ltr'><strong>et</strong></span> <span class='ocrx_word' id='word_1_85' title='bbox 389 1426 451 1469; x_wconf 87' lang='lat' dir='ltr'><strong>vox</strong></span> <span class='ocrx_word' id='word_1_86' title='bbox 474 1404 607 1470; x_wconf 87' lang='lat' dir='ltr'><strong>deficere</strong></span> <span class='ocrx_word' id='word_1_87' title='bbox 632 1406 697 1470; x_wconf 90' lang='lat' dir='ltr'><strong>iam</strong></span> <span class='ocrx_word' id='word_1_88' title='bbox 721 1411 870 1490; x_wconf 88' lang='lat' dir='ltr'><strong>coeperat</strong></span> <span class='ocrx_word' id='word_1_89' title='bbox 895 1439 933 1452; x_wconf 90' lang='lat'><em>-</em></span> <span class='ocrx_word' id='word_1_90' title='bbox 947 1406 1139 1472; x_wconf 84' lang='lat' dir='ltr'><strong>&#39;detractum</strong></span> <span class='ocrx_word' id='word_1_91' title='bbox 1162 1429 1226 1471; x_wconf 87' lang='lat' dir='ltr'><strong>anu·</strong></span> 
     </span>
     <span class='ocr_line' id='line_1_14' title="bbox 230 1492 1227 1579; baseline -0.001 -21"><span class='ocrx_word' id='word_1_92' title='bbox 230 1494 298 1579; x_wconf 86' lang='lat' dir='ltr'><strong>lum</strong></span> <span class='ocrx_word' id='word_1_93' title='bbox 330 1493 434 1577; x_wconf 82' lang='lat' dir='ltr'><strong>digito</strong></span> <span class='ocrx_word' id='word_1_94' title='bbox 466 1492 637 1558; x_wconf 78' lang='lat' dir='ltr'><strong>Perdiccae</strong></span> <span class='ocrx_word' id='word_1_95' title='bbox 669 1494 804 1563; x_wconf 83' lang='lat' dir='ltr'><strong>tradidit</strong></span> <span class='ocrx_word' id='word_1_96' title='bbox 835 1494 968 1559; x_wconf 90' lang='lat' dir='ltr'><strong>adiectis</strong></span> <span class='ocrx_word' id='word_1_97' title='bbox 1000 1496 1175 1578; x_wconf 85' lang='lat' dir='ltr'><strong>mandatis,</strong></span> <span class='ocrx_word' id='word_1_98' title='bbox 1198 1497 1227 1558; x_wconf 89' lang='lat' dir='ltr'><strong>ut</strong></span> 
     </span>
     <span class='ocr_line' id='line_1_15' title="bbox 197 1579 1227 1669; baseline 0.006 -29"><span class='ocrx_word' id='word_1_99' title='bbox 197 1593 213 1640; x_wconf 80' lang='lat' dir='ltr'><strong>c</strong></span> <span class='ocrx_word' id='word_1_100' title='bbox 232 1604 346 1666; x_wconf 89' lang='lat' dir='ltr'><strong>corpus</strong></span> <span class='ocrx_word' id='word_1_101' title='bbox 365 1602 457 1646; x_wconf 89' lang='lat' dir='ltr'><strong>suum</strong></span> <span class='ocrx_word' id='word_1_102' title='bbox 476 1580 517 1646; x_wconf 90' lang='lat' dir='ltr'><strong>ad</strong></span> <span class='ocrx_word' id='word_1_103' title='bbox 534 1579 846 1669; x_wconf 86' lang='lat' dir='ltr'><strong>Hammonemferri</strong></span> <span class='ocrx_word' id='word_1_104' title='bbox 862 1582 1018 1648; x_wconf 82' lang='lat' dir='ltr'><strong>iuberent</strong></span> <span class='ocrx_word' id='word_1_105' title='bbox 1051 1582 1227 1659; x_wconf 86' lang='lat' dir='ltr'><strong>Quaerenti·</strong></span> 
     </span>
     <span class='ocr_line' id='line_1_16' title="bbox 231 1667 1226 1758; baseline -0.003 -23"><span class='ocrx_word' id='word_1_106' title='bbox 231 1670 353 1754; x_wconf 88' lang='lat' dir='ltr'><strong>busque</strong></span> <span class='ocrx_word' id='word_1_107' title='bbox 371 1667 439 1753; x_wconf 84' lang='lat' dir='ltr'><strong>his,</strong></span> <span class='ocrx_word' id='word_1_108' title='bbox 460 1670 512 1734; x_wconf 91' lang='lat' dir='ltr'><strong>cui</strong></span> <span class='ocrx_word' id='word_1_109' title='bbox 529 1671 727 1754; x_wconf 89' lang='lat' dir='ltr'><strong>relinqueret</strong></span> <span class='ocrx_word' id='word_1_110' title='bbox 745 1692 893 1758; x_wconf 81' lang='lat' dir='ltr'><strong>regnum,</strong></span> <span class='ocrx_word' id='word_1_111' title='bbox 921 1672 1102 1756; x_wconf 82' lang='lat' dir='ltr'><strong>respondit,</strong></span> <span class='ocrx_word' id='word_1_112' title='bbox 1126 1673 1157 1737; x_wconf 92' lang='lat' dir='ltr'><strong>ei</strong></span> <span class='ocrx_word' id='word_1_113' title='bbox 1182 1670 1226 1754; x_wconf 91' lang='lat' dir='ltr'><strong>qui</strong></span> 
     </span>
     <span class='ocr_line' id='line_1_17' title="bbox 233 1757 1225 1843; baseline -0.001 -20"><span class='ocrx_word' id='word_1_114' title='bbox 233 1764 318 1823; x_wconf 88' lang='lat' dir='ltr'><strong>esset</strong></span> <span class='ocrx_word' id='word_1_115' title='bbox 345 1757 500 1841; x_wconf 88' lang='lat' dir='ltr'><strong>optimus:</strong></span> <span class='ocrx_word' id='word_1_116' title='bbox 527 1762 668 1823; x_wconf 89' lang='lat' dir='ltr'><strong>ceterum</strong></span> <span class='ocrx_word' id='word_1_117' title='bbox 695 1760 863 1843; x_wconf 82' lang='lat' dir='ltr'><strong>providere</strong></span> <span class='ocrx_word' id='word_1_118' title='bbox 890 1757 956 1824; x_wconf 88' lang='lat' dir='ltr'><strong>iam</strong></span> <span class='ocrx_word' id='word_1_119' title='bbox 980 1781 1027 1839; x_wconf 91' lang='lat' dir='ltr'><strong>se,</strong></span> <span class='ocrx_word' id='word_1_120' title='bbox 1051 1761 1093 1824; x_wconf 95' lang='lat' dir='ltr'><strong>ob</strong></span> <span class='ocrx_word' id='word_1_121' title='bbox 1117 1760 1150 1826; x_wconf 92' lang='lat' dir='ltr'><strong>id</strong></span> <span class='ocrx_word' id='word_1_122' title='bbox 1172 1780 1225 1824; x_wconf 87' lang='lat' dir='ltr'><strong>cer·</strong></span> 
     </span>
     <span class='ocr_line' id='line_1_18' title="bbox 197 1847 1280 1931; baseline 0 -22"><span class='ocrx_word' id='word_1_123' title='bbox 197 1851 340 1911; x_wconf 77' lang='lat' dir='ltr'><strong>ttamen</strong></span> <span class='ocrx_word' id='word_1_124' title='bbox 377 1866 512 1931; x_wconf 79' lang='lat' dir='ltr'><strong>magnos</strong></span> <span class='ocrx_word' id='word_1_125' title='bbox 548 1847 698 1912; x_wconf 85' lang='lat' dir='ltr'><strong>funebres</strong></span> <span class='ocrx_word' id='word_1_126' title='bbox 721 1848 821 1912; x_wconf 88' lang='lat' dir='ltr'><strong>ludos</strong></span> <span class='ocrx_word' id='word_1_127' title='bbox 854 1849 961 1931; x_wconf 88' lang='lat' dir='ltr'><strong>parari</strong></span> <span class='ocrx_word' id='word_1_128' title='bbox 993 1848 1064 1913; x_wconf 87' lang='lat' dir='ltr'><strong>sibi.</strong></span> <span class='ocrx_word' id='word_1_129' title='bbox 1115 1849 1226 1912; x_wconf 88' lang='lat' dir='ltr'><strong>Rursus</strong></span> <span class='ocrx_word' id='word_1_130' title='bbox 1279 1867 1280 1890; x_wconf 61' lang='lat'>¹</span> 
     </span>
     <span class='ocr_line' id='line_1_19' title="bbox 230 1935 1226 2019; baseline -0.002 -20"><span class='ocrx_word' id='word_1_131' title='bbox 230 1935 382 2001; x_wconf 89' lang='lat' dir='ltr'><strong>Perdicca</strong></span> <span class='ocrx_word' id='word_1_132' title='bbox 398 1936 628 2019; x_wconf 82' lang='lat' dir='ltr'><strong>interrogante,</strong></span> <span class='ocrx_word' id='word_1_133' title='bbox 650 1935 777 2019; x_wconf 89' lang='lat' dir='ltr'><strong>quando</strong></span> <span class='ocrx_word' id='word_1_134' title='bbox 797 1937 949 2001; x_wconf 86' lang='lat' dir='ltr'><strong>caelestes</strong></span> <span class='ocrx_word' id='word_1_135' title='bbox 967 1935 1107 2002; x_wconf 89' lang='lat' dir='ltr'><strong>honores</strong></span> <span class='ocrx_word' id='word_1_136' title='bbox 1126 1935 1226 2001; x_wconf 88' lang='lat' dir='ltr'><strong>haberi</strong></span> 
     </span>
     <span class='ocr_line' id='line_1_20' title="bbox 232 2024 1227 2108; baseline -0.001 -21"><span class='ocrx_word' id='word_1_137' title='bbox 232 2024 294 2088; x_wconf 89' lang='lat' dir='ltr'><strong>sibi</strong></span> <span class='ocrx_word' id='word_1_138' title='bbox 320 2025 430 2108; x_wconf 87' lang='lat' dir='ltr'><strong>vellet,</strong></span> <span class='ocrx_word' id='word_1_139' title='bbox 457 2024 551 2102; x_wconf 84' lang='lat' dir='ltr'><strong>dixit,</strong></span> <span class='ocrx_word' id='word_1_140' title='bbox 573 2028 644 2088; x_wconf 90' lang='lat' dir='ltr'><strong>tum</strong></span> <span class='ocrx_word' id='word_1_141' title='bbox 674 2025 768 2108; x_wconf 87' lang='lat' dir='ltr'><strong>velle,</strong></span> <span class='ocrx_word' id='word_1_142' title='bbox 795 2047 867 2098; x_wconf 89' lang='lat' dir='ltr'><strong>cum</strong></span> <span class='ocrx_word' id='word_1_143' title='bbox 894 2026 958 2108; x_wconf 87' lang='lat' dir='ltr'><strong>ipsi</strong></span> <span class='ocrx_word' id='word_1_144' title='bbox 985 2025 1095 2090; x_wconf 84' lang='lat' dir='ltr'><strong>felices</strong></span> <span class='ocrx_word' id='word_1_145' title='bbox 1124 2027 1227 2091; x_wconf 76' lang='lat' dir='ltr'><strong>essent.</strong></span> 
     </span>
     <span class='ocr_line' id='line_1_21' title="bbox 232 2109 1225 2199; baseline -0.002 -24"><span class='ocrx_word' id='word_1_146' title='bbox 232 2109 389 2195; x_wconf 86' lang='lat' dir='ltr'><strong>Suprema</strong></span> <span class='ocrx_word' id='word_1_147' title='bbox 406 2111 486 2177; x_wconf 91' lang='lat' dir='ltr'><strong>haec</strong></span> <span class='ocrx_word' id='word_1_148' title='bbox 504 2134 567 2177; x_wconf 87' lang='lat' dir='ltr'><strong>vox</strong></span> <span class='ocrx_word' id='word_1_149' title='bbox 583 2113 648 2177; x_wconf 84' lang='lat' dir='ltr'><strong>fuit</strong></span> <span class='ocrx_word' id='word_1_150' title='bbox 665 2113 752 2196; x_wconf 80' lang='lat' dir='ltr'><strong>regis</strong></span> <span class='ocrx_word' id='word_1_151' title='bbox 772 2117 805 2177; x_wconf 92' lang='lat' dir='ltr'><strong>et</strong></span> <span class='ocrx_word' id='word_1_152' title='bbox 822 2114 917 2196; x_wconf 90' lang='lat' dir='ltr'><strong>paulo</strong></span> <span class='ocrx_word' id='word_1_153' title='bbox 937 2117 1012 2197; x_wconf 89' lang='lat' dir='ltr'><strong>post</strong></span> <span class='ocrx_word' id='word_1_154' title='bbox 1029 2115 1225 2199; x_wconf 81' lang='lat' dir='ltr'><strong>extinguitur.</strong></span> 
     </span>
     <span class='ocr_line' id='line_1_22' title="bbox 175 2191 1262 2286; baseline 0.001 -25"><span class='ocrx_word' id='word_1_155' title='bbox 175 2211 213 2258; x_wconf 76' lang='lat'><strong>-7</strong></span> <span class='ocrx_word' id='word_1_156' title='bbox 320 2199 370 2263; x_wconf 84' lang='lat' dir='ltr'><strong>Ao</strong></span> <span class='ocrx_word' id='word_1_157' title='bbox 391 2201 497 2283; x_wconf 89' lang='lat' dir='ltr'><strong>primo</strong></span> <span class='ocrx_word' id='word_1_158' title='bbox 521 2201 650 2283; x_wconf 88' lang='lat' dir='ltr'><strong>ploratu</strong></span> <span class='ocrx_word' id='word_1_159' title='bbox 672 2201 886 2284; x_wconf 89' lang='lat' dir='ltr'><strong>lamentisque</strong></span> <span class='ocrx_word' id='word_1_160' title='bbox 909 2207 942 2266; x_wconf 90' lang='lat' dir='ltr'><strong>et</strong></span> <span class='ocrx_word' id='word_1_161' title='bbox 963 2202 1147 2286; x_wconf 90' lang='lat' dir='ltr'><strong>planctibus</strong></span> <span class='ocrx_word' id='word_1_162' title='bbox 1166 2205 1226 2265; x_wconf 85' lang='lat' dir='ltr'><strong>tota</strong></span> <span class='ocrx_word' id='word_1_163' title='bbox 1235 2191 1262 2258; x_wconf 80' lang='lat'><strong>15</strong></span> 
     </span>
     <span class='ocr_line' id='line_1_23' title="bbox 231 2288 1225 2372; baseline -0.002 -20"><span class='ocrx_word' id='word_1_164' title='bbox 231 2288 321 2372; x_wconf 82' lang='lat' dir='ltr'><strong>regia</strong></span> <span class='ocrx_word' id='word_1_165' title='bbox 338 2289 548 2372; x_wconf 86' lang='lat' dir='ltr'><strong>personabat:</strong></span> <span class='ocrx_word' id='word_1_166' title='bbox 571 2311 646 2354; x_wconf 90' lang='lat' dir='ltr'><strong>mox</strong></span> <span class='ocrx_word' id='word_1_167' title='bbox 664 2290 754 2354; x_wconf 80' lang='lat' dir='ltr'><strong>velut</strong></span> <span class='ocrx_word' id='word_1_168' title='bbox 771 2290 806 2354; x_wconf 92' lang='lat' dir='ltr'><strong>in</strong></span> <span class='ocrx_word' id='word_1_169' title='bbox 822 2292 916 2354; x_wconf 82' lang='lat' dir='ltr'><strong>vasta</strong></span> <span class='ocrx_word' id='word_1_170' title='bbox 935 2290 1111 2355; x_wconf 86' lang='lat' dir='ltr'><strong>solitudine</strong></span> <span class='ocrx_word' id='word_1_171' title='bbox 1131 2289 1225 2357; x_wconf 86' lang='lat' dir='ltr'><strong>omnia</strong></span> 
     </span>
     <span class='ocr_line' id='line_1_24' title="bbox 230 2375 1279 2469; baseline -0.002 -29"><span class='ocrx_word' id='word_1_172' title='bbox 230 2377 318 2442; x_wconf 90' lang='lat' dir='ltr'><strong>tristi</strong></span> <span class='ocrx_word' id='word_1_173' title='bbox 346 2377 475 2441; x_wconf 88' lang='lat' dir='ltr'><strong>silentio</strong></span> <span class='ocrx_word' id='word_1_174' title='bbox 503 2380 593 2453; x_wconf 86' lang='lat' dir='ltr'><strong>muta</strong></span> <span class='ocrx_word' id='word_1_175' title='bbox 618 2379 805 2461; x_wconf 89' lang='lat' dir='ltr'><strong>torpebant,</strong></span> <span class='ocrx_word' id='word_1_176' title='bbox 833 2377 874 2442; x_wconf 90' lang='lat' dir='ltr'><strong>ad</strong></span> <span class='ocrx_word' id='word_1_177' title='bbox 903 2379 1134 2464; x_wconf 85' lang='lat' dir='ltr'><strong>cogitationes,</strong></span> <span class='ocrx_word' id='word_1_178' title='bbox 1161 2375 1225 2463; x_wconf 90' lang='lat' dir='ltr'><strong>quid</strong></span> <span class='ocrx_word' id='word_1_179' title='bbox 1278 2419 1279 2469; x_wconf 73' lang='lat'>1</span> 
     </span>
    </p>

    <p class='ocr_par' dir='ltr' id='par_1_8' title="bbox 196 2462 1226 2902">
     <span class='ocr_line' id='line_1_25' title="bbox 196 2462 1225 2552; baseline 0.002 -27"><span class='ocrx_word' id='word_1_180' title='bbox 196 2477 212 2525; x_wconf 88' lang='lat'>8</span> <span class='ocrx_word' id='word_1_181' title='bbox 231 2465 345 2532; x_wconf 86' lang='lat' dir='ltr'><strong>deinde</strong></span> <span class='ocrx_word' id='word_1_182' title='bbox 370 2466 516 2531; x_wconf 81' lang='lat' dir='ltr'><strong>futurum</strong></span> <span class='ocrx_word' id='word_1_183' title='bbox 540 2462 767 2550; x_wconf 67' lang='lat' dir='ltr'><strong>ener‘dolore</strong></span> <span class='ocrx_word' id='word_1_184' title='bbox 790 2487 970 2547; x_wconf 65' lang='lat' dir='ltr'><strong>converso„</strong></span> <span class='ocrx_word' id='word_1_185' title='bbox 987 2466 1123 2533; x_wconf 87' lang='lat' dir='ltr'><strong>Nobiles</strong></span> <span class='ocrx_word' id='word_1_186' title='bbox 1147 2462 1225 2552; x_wconf 87' lang='lat' dir='ltr'><strong>pueri</strong></span> 
     </span>
     <span class='ocr_line' id='line_1_26' title="bbox 231 2553 1226 2642; baseline -0.004 -23"><span class='ocrx_word' id='word_1_187' title='bbox 231 2555 394 2620; x_wconf 87' lang='lat' dir='ltr'><strong>custodiae</strong></span> <span class='ocrx_word' id='word_1_188' title='bbox 421 2554 566 2638; x_wconf 86' lang='lat' dir='ltr'><strong>corporis</strong></span> <span class='ocrx_word' id='word_1_189' title='bbox 594 2555 662 2619; x_wconf 90' lang='lat' dir='ltr'><strong>eius</strong></span> <span class='ocrx_word' id='word_1_190' title='bbox 693 2554 817 2619; x_wconf 90' lang='lat' dir='ltr'><strong>adsueti</strong></span> <span class='ocrx_word' id='word_1_191' title='bbox 843 2576 903 2619; x_wconf 88' lang='lat' dir='ltr'><strong>neo</strong></span> <span class='ocrx_word' id='word_1_192' title='bbox 930 2553 1050 2620; x_wconf 90' lang='lat' dir='ltr'><strong>doloris</strong></span> <span class='ocrx_word' id='word_1_193' title='bbox 1077 2555 1226 2642; x_wconf 85' lang='lat' dir='ltr'><strong>magnitu-</strong></span> 
     </span>
     <span class='ocr_line' id='line_1_27' title="bbox 231 2643 1225 2728; baseline 0 -23"><span class='ocrx_word' id='word_1_194' title='bbox 231 2643 338 2707; x_wconf 90' lang='lat' dir='ltr'><strong>dinem</strong></span> <span class='ocrx_word' id='word_1_195' title='bbox 370 2665 482 2726; x_wconf 88' lang='lat' dir='ltr'><strong>oapere</strong></span> <span class='ocrx_word' id='word_1_196' title='bbox 514 2664 573 2707; x_wconf 89' lang='lat' dir='ltr'><strong>nec</strong></span> <span class='ocrx_word' id='word_1_197' title='bbox 603 2665 637 2707; x_wconf 87' lang='lat' dir='ltr'><strong>se</strong></span> <span class='ocrx_word' id='word_1_198' title='bbox 664 2643 753 2726; x_wconf 88' lang='lat' dir='ltr'><strong>ipsos</strong></span> <span class='ocrx_word' id='word_1_199' title='bbox 785 2644 870 2707; x_wconf 91' lang='lat' dir='ltr'><strong>intra</strong></span> <span class='ocrx_word' id='word_1_200' title='bbox 900 2644 1097 2708; x_wconf 82' lang='lat' dir='ltr'><strong>vestibulum</strong></span> <span class='ocrx_word' id='word_1_201' title='bbox 1129 2644 1225 2728; x_wconf 84' lang='lat' dir='ltr'><strong>regiae</strong></span> 
     </span>
     <span class='ocr_line' id='line_1_28' title="bbox 231 2731 1226 2816; baseline 0.003 -24"><span class='ocrx_word' id='word_1_202' title='bbox 231 2733 339 2795; x_wconf 89' lang='lat' dir='ltr'><strong>tenere</strong></span> <span class='ocrx_word' id='word_1_203' title='bbox 358 2735 545 2816; x_wconf 88' lang='lat' dir='ltr'><strong>potuerunt:</strong></span> <span class='ocrx_word' id='word_1_204' title='bbox 564 2731 700 2815; x_wconf 84' lang='lat' dir='ltr'><strong>vagique</strong></span> <span class='ocrx_word' id='word_1_205' title='bbox 719 2736 752 2796; x_wconf 90' lang='lat' dir='ltr'><strong>et</strong></span> <span class='ocrx_word' id='word_1_206' title='bbox 770 2731 951 2796; x_wconf 85' lang='lat' dir='ltr'><strong>furentibus</strong></span> <span class='ocrx_word' id='word_1_207' title='bbox 970 2732 1092 2796; x_wconf 86' lang='lat' dir='ltr'><strong>similes</strong></span> <span class='ocrx_word' id='word_1_208' title='bbox 1110 2733 1226 2799; x_wconf 87' lang='lat' dir='ltr'><strong>tantam</strong></span> 
     </span>
     <span class='ocr_line' id='line_1_29' title="bbox 231 2818 1225 2902; baseline -0.004 -20"><span class='ocrx_word' id='word_1_209' title='bbox 231 2818 344 2882; x_wconf 90' lang='lat' dir='ltr'><strong>urbem</strong></span> <span class='ocrx_word' id='word_1_210' title='bbox 366 2819 455 2885; x_wconf 89' lang='lat' dir='ltr'><strong>luctu</strong></span> <span class='ocrx_word' id='word_1_211' title='bbox 477 2842 514 2885; x_wconf 88' lang='lat' dir='ltr'><strong>ac</strong></span> <span class='ocrx_word' id='word_1_212' title='bbox 538 2841 680 2884; x_wconf 90' lang='lat' dir='ltr'><strong>maerore</strong></span> <span class='ocrx_word' id='word_1_213' title='bbox 704 2819 932 2902; x_wconf 83' lang='lat' dir='ltr'><strong>conpleverant</strong></span> <span class='ocrx_word' id='word_1_214' title='bbox 952 2820 1050 2885; x_wconf 87' lang='lat' dir='ltr'><strong>nullis</strong></span> <span class='ocrx_word' id='word_1_215' title='bbox 1070 2821 1225 2902; x_wconf 90' lang='lat' dir='ltr'><strong>questibus</strong></span> 
     </span>
    </p>

    <p class='ocr_par' dir='ltr' id='par_1_9' title="bbox 196 2903 1278 3347">
     <span class='ocr_line' id='line_1_30' title="bbox 196 2903 1278 2994; baseline 0.005 -30"><span class='ocrx_word' id='word_1_216' title='bbox 196 2907 370 2988; x_wconf 80' lang='lat' dir='ltr'><strong>somissis,</strong></span> <span class='ocrx_word' id='word_1_217' title='bbox 398 2929 478 2990; x_wconf 91' lang='lat' dir='ltr'><strong>quos</strong></span> <span class='ocrx_word' id='word_1_218' title='bbox 506 2910 540 2972; x_wconf 90' lang='lat' dir='ltr'><strong>in</strong></span> <span class='ocrx_word' id='word_1_219' title='bbox 567 2908 627 2972; x_wconf 90' lang='lat' dir='ltr'><strong>tali</strong></span> <span class='ocrx_word' id='word_1_220' title='bbox 655 2929 731 2972; x_wconf 86' lang='lat' dir='ltr'><strong>casu</strong></span> <span class='ocrx_word' id='word_1_221' title='bbox 757 2908 848 2972; x_wconf 94' lang='lat' dir='ltr'><strong>dolor</strong></span> <span class='ocrx_word' id='word_1_222' title='bbox 871 2909 1023 2993; x_wconf 79' lang='lat' dir='ltr'><strong>suggerit.</strong></span> <span class='ocrx_word' id='word_1_223' title='bbox 1069 2909 1158 2994; x_wconf 81' lang='lat' dir='ltr'><strong>Ergo</strong></span> <span class='ocrx_word' id='word_1_224' title='bbox 1180 2903 1225 2991; x_wconf 88' lang='lat' dir='ltr'><strong>qui</strong></span> <span class='ocrx_word' id='word_1_225' title='bbox 1277 2907 1278 2912; x_wconf 73' lang='grc'>’</span> 
     </span>
     <span class='ocr_line' id='line_1_31' title="bbox 232 2995 1225 3080; baseline -0.002 -21"><span class='ocrx_word' id='word_1_226' title='bbox 232 2998 323 3059; x_wconf 88' lang='lat' dir='ltr'><strong>extra</strong></span> <span class='ocrx_word' id='word_1_227' title='bbox 336 2995 460 3078; x_wconf 85' lang='lat' dir='ltr'><strong>regiam</strong></span> <span class='ocrx_word' id='word_1_228' title='bbox 475 2996 677 3079; x_wconf 74' lang='lat' dir='ltr'><strong>adstiterunt,</strong></span> <span class='ocrx_word' id='word_1_229' title='bbox 695 2995 885 3060; x_wconf 88' lang='lat' dir='ltr'><strong>Macedones</strong></span> <span class='ocrx_word' id='word_1_230' title='bbox 900 2999 1021 3080; x_wconf 84' lang='lat' dir='ltr'><strong>pariter</strong></span> <span class='ocrx_word' id='word_1_231' title='bbox 1035 2998 1225 3080; x_wconf 89' lang='lat' dir='ltr'><strong>barbarique,</strong></span> 
     </span>
     <span class='ocr_line' id='line_1_32' title="bbox 232 3081 1225 3168; baseline -0.002 -21"><span class='ocrx_word' id='word_1_232' title='bbox 232 3086 424 3148; x_wconf 89' lang='lat' dir='ltr'><strong>concurrunt</strong></span> <span class='ocrx_word' id='word_1_233' title='bbox 442 3104 499 3148; x_wconf 89' lang='lat' dir='ltr'><strong>nec</strong></span> <span class='ocrx_word' id='word_1_234' title='bbox 519 3088 670 3168; x_wconf 90' lang='lat' dir='ltr'><strong>poterant</strong></span> <span class='ocrx_word' id='word_1_235' title='bbox 688 3084 764 3148; x_wconf 87' lang='lat' dir='ltr'><strong>victi</strong></span> <span class='ocrx_word' id='word_1_236' title='bbox 783 3106 802 3148; x_wconf 90' lang='lat' dir='ltr'><strong>a</strong></span> <span class='ocrx_word' id='word_1_237' title='bbox 820 3085 998 3150; x_wconf 86' lang='lat' dir='ltr'><strong>victoribus</strong></span> <span class='ocrx_word' id='word_1_238' title='bbox 1022 3086 1057 3150; x_wconf 93' lang='lat' dir='ltr'><strong>in</strong></span> <span class='ocrx_word' id='word_1_239' title='bbox 1075 3081 1225 3151; x_wconf 87' lang='lat' dir='ltr'><strong>communi</strong></span> 
     </span>
     <span class='ocr_line' id='line_1_33' title="bbox 231 3169 1225 3240; baseline 0 -6"><span class='ocrx_word' id='word_1_240' title='bbox 231 3169 341 3236; x_wconf 92' lang='lat' dir='ltr'><strong>dolore</strong></span> <span class='ocrx_word' id='word_1_241' title='bbox 360 3172 505 3235; x_wconf 89' lang='lat' dir='ltr'><strong>discerni.</strong></span> <span class='ocrx_word' id='word_1_242' title='bbox 540 3170 657 3238; x_wconf 85' lang='lat' dir='ltr'><strong>Persae</strong></span> <span class='ocrx_word' id='word_1_243' title='bbox 675 3173 888 3237; x_wconf 87' lang='lat' dir='ltr'><strong>iustissimum</strong></span> <span class='ocrx_word' id='word_1_244' title='bbox 908 3195 945 3238; x_wconf 91' lang='lat' dir='ltr'><strong>ac</strong></span> <span class='ocrx_word' id='word_1_245' title='bbox 960 3174 1168 3240; x_wconf 89' lang='lat' dir='ltr'><strong>mitissimum</strong></span> <span class='ocrx_word' id='word_1_246' title='bbox 1181 3171 1225 3234; x_wconf 91' lang='lat' dir='ltr'><strong>do·</strong></span> 
     </span>
     <span class='ocr_line' id='line_1_34' title="bbox 231 3258 1225 3347; baseline 0 -25"><span class='ocrx_word' id='word_1_247' title='bbox 231 3259 368 3341; x_wconf 90' lang='lat' dir='ltr'><strong>minum,</strong></span> <span class='ocrx_word' id='word_1_248' title='bbox 386 3258 577 3324; x_wconf 86' lang='lat' dir='ltr'><strong>Macedones</strong></span> <span class='ocrx_word' id='word_1_249' title='bbox 597 3262 754 3344; x_wconf 90' lang='lat' dir='ltr'><strong>optimum</strong></span> <span class='ocrx_word' id='word_1_250' title='bbox 774 3282 812 3325; x_wconf 89' lang='lat' dir='ltr'><strong>ac</strong></span> <span class='ocrx_word' id='word_1_251' title='bbox 826 3261 1040 3326; x_wconf 88' lang='lat' dir='ltr'><strong>fortissimum</strong></span> <span class='ocrx_word' id='word_1_252' title='bbox 1062 3271 1171 3347; x_wconf 84' lang='lat' dir='ltr'><strong>regem</strong></span> <span class='ocrx_word' id='word_1_253' title='bbox 1187 3260 1225 3322; x_wconf 91' lang='lat' dir='ltr'><strong>in·</strong></span> 
     </span>
    </p>

    <p class='ocr_par' dir='ltr' id='par_1_10' title="bbox 181 3345 1225 3699">
     <span class='ocr_line' id='line_1_35' title="bbox 181 3345 1225 3431; baseline 0.005 -22"><span class='ocrx_word' id='word_1_254' title='bbox 181 3356 213 3405; x_wconf 94' lang='lat'><strong>10</strong></span> <span class='ocrx_word' id='word_1_255' title='bbox 232 3352 383 3413; x_wconf 86' lang='lat' dir='ltr'><strong>vocantes</strong></span> <span class='ocrx_word' id='word_1_256' title='bbox 411 3356 573 3412; x_wconf 87' lang='lat' dir='ltr'><strong>certamen</strong></span> <span class='ocrx_word' id='word_1_257' title='bbox 606 3348 767 3431; x_wconf 89' lang='lat' dir='ltr'><strong>quoddam</strong></span> <span class='ocrx_word' id='word_1_258' title='bbox 794 3351 950 3415; x_wconf 87' lang='lat' dir='ltr'><strong>maeroris</strong></span> <span class='ocrx_word' id='word_1_259' title='bbox 978 3351 1124 3417; x_wconf 84' lang='lat' dir='ltr'><strong>edebant</strong></span> <span class='ocrx_word' id='word_1_260' title='bbox 1167 3345 1225 3414; x_wconf 74' lang='lat' dir='ltr'><strong>Nee</strong></span> 
     </span>
     <span class='ocr_line' id='line_1_36' title="bbox 232 3436 1223 3524; baseline -0.001 -27"><span class='ocrx_word' id='word_1_261' title='bbox 232 3439 425 3500; x_wconf 89' lang='lat' dir='ltr'><strong>maestorum</strong></span> <span class='ocrx_word' id='word_1_262' title='bbox 466 3436 586 3516; x_wconf 84' lang='lat' dir='ltr'><strong>solum,</strong></span> <span class='ocrx_word' id='word_1_263' title='bbox 626 3437 681 3500; x_wconf 86' lang='lat' dir='ltr'><strong>sed</strong></span> <span class='ocrx_word' id='word_1_264' title='bbox 723 3438 821 3502; x_wconf 90' lang='lat' dir='ltr'><strong>etiam</strong></span> <span class='ocrx_word' id='word_1_265' title='bbox 862 3438 1101 3524; x_wconf 84' lang='lat' dir='ltr'><strong>indignantium</strong></span> <span class='ocrx_word' id='word_1_266' title='bbox 1141 3453 1223 3503; x_wconf 82' lang='lat' dir='ltr'><strong>voces</strong></span> 
     </span>
     <span class='ocr_line' id='line_1_37' title="bbox 233 3521 1223 3605; baseline 0.001 -20"><span class='ocrx_word' id='word_1_267' title='bbox 233 3521 498 3605; x_wconf 84' lang='lat' dir='ltr'><strong>exaudiebantur,</strong></span> <span class='ocrx_word' id='word_1_268' title='bbox 528 3526 597 3585; x_wconf 91' lang='lat' dir='ltr'><strong>tam</strong></span> <span class='ocrx_word' id='word_1_269' title='bbox 628 3524 764 3589; x_wconf 84' lang='lat' dir='ltr'><strong>viridem</strong></span> <span class='ocrx_word' id='word_1_270' title='bbox 796 3530 829 3590; x_wconf 89' lang='lat' dir='ltr'><strong>et</strong></span> <span class='ocrx_word' id='word_1_271' title='bbox 861 3526 895 3588; x_wconf 91' lang='lat' dir='ltr'><strong>in</strong></span> <span class='ocrx_word' id='word_1_272' title='bbox 922 3528 1000 3592; x_wconf 92' lang='lat' dir='ltr'><strong>flore</strong></span> <span class='ocrx_word' id='word_1_273' title='bbox 1034 3527 1149 3592; x_wconf 90' lang='lat' dir='ltr'><strong>aetatis</strong></span> <span class='ocrx_word' id='word_1_274' title='bbox 1170 3525 1223 3589; x_wconf 89' lang='lat' dir='ltr'><strong>for-</strong></span> 
     </span>
     <span class='ocr_line' id='line_1_38' title="bbox 232 3609 1222 3699; baseline 0.012 -29"><span class='ocrx_word' id='word_1_275' title='bbox 232 3611 390 3690; x_wconf 89' lang='lat' dir='ltr'><strong>tunaeque</strong></span> <span class='ocrx_word' id='word_1_276' title='bbox 417 3610 538 3672; x_wconf 88' lang='lat' dir='ltr'><strong>invidia</strong></span> <span class='ocrx_word' id='word_1_277' title='bbox 566 3609 660 3672; x_wconf 87' lang='lat' dir='ltr'><strong>deum</strong></span> <span class='ocrx_word' id='word_1_278' title='bbox 687 3616 832 3695; x_wconf 90' lang='lat' dir='ltr'><strong>ereptum</strong></span> <span class='ocrx_word' id='word_1_279' title='bbox 861 3625 941 3678; x_wconf 68' lang='lat' dir='ltr'><strong>esse*</strong></span> <span class='ocrx_word' id='word_1_280' title='bbox 959 3614 1055 3699; x_wconf 81' lang='lat' dir='ltr'><strong>rebus</strong></span> <span class='ocrx_word' id='word_1_281' title='bbox 1077 3612 1222 3681; x_wconf 84' lang='lat' dir='ltr'><strong>humanis·</strong></span> 
     </span>
    </p>
   </div>
   <div class='ocr_carea' id='block_1_4' title="bbox 0 0 1306 4094">
    <p class='ocr_par' dir='ltr' id='par_1_11' title="bbox 0 0 1306 4094">
     <span class='ocr_line' id='line_1_39' title="bbox 0 0 1306 4094; baseline 0 0"><span class='ocrx_word' id='word_1_282' title='bbox 0 0 1306 4094; x_wconf 95' lang='lat' dir='ltr'><strong> </strong></span> 
     </span>
    </p>
   </div>
  </div>
 </body>
</html>
