2600 4096
289 232 541 289 HISTORIARUM
558 232 771 288 ALEXANDRI
789 233 853 300 VII,
873 239 915 288 11.
1042 233 1105 296 183

100 377 140 442 ad
174 376 348 456 curandum
380 398 495 461 corpus
524 377 666 442 recessit
713 378 848 443 Postero
881 377 933 442 die
964 377 1106 441 nondum
1124 386 1157 436 21

99 465 181 530 satis
215 465 303 530 clara
332 465 403 529 luce
434 467 557 548 primus
583 466 668 550 vela,
699 466 829 550 signum
856 465 941 550 capti
968 466 1107 548 verticis,

99 553 278 636 conspexit
327 551 389 618 Sed
416 575 457 617 ne
480 553 647 617 falleretur
672 555 771 636 acies,
797 554 943 618 dubitare
969 554 1107 638 cogebat

100 642 246 706 varietas
265 641 344 705 caeli
361 663 445 706 nunc
464 642 673 706 internitente
687 643 767 707 lucis
785 642 918 728 fulgore,
935 662 1018 706 nanc
1035 663 1108 706 con·

100 730 180 796 dito.
218 727 339 793 Verum
356 734 394 794 ut
411 729 561 813 liquidior
580 730 635 794 lux
654 731 804 813 adparuit
822 731 925 814 caelo,
946 730 1105 794 dubitatio
1125 738 1160 787 22

100 821 253 900 exempta
275 821 338 882 est:
361 823 571 901 vocatumque
594 816 736 902 Cophen,
757 841 815 902 per
837 840 932 902 quem
954 818 1106 882 barbaro·

99 928 174 970 rum
198 906 323 970 animos
346 907 575 989 temptaverat,
597 906 699 970 mittit
722 907 762 970 ad
786 929 853 990 eos,
877 907 932 991 qui
952 909 1107 990 moneret,

99 1015 188 1058 nunc
215 994 331 1059 saltem
363 993 522 1058 salubrius
555 994 724 1058 consilium
755 995 887 1058 inirent:
920 996 970 1059 sin
1000 998 1108 1059 autem

99 1081 222 1147 fiducia
244 1082 308 1147 loci
329 1087 585 1165 perseverarent,
608 1082 733 1146 ostendi
757 1105 776 1146 a
798 1086 892 1165 tergo
915 1083 1024 1167 iussit,
1052 1083 1108 1167 qui

100 1174 255 1254 ceperant
281 1171 443 1235 verticem.
493 1168 619 1252 Cophes
647 1171 805 1235 admissus
837 1171 971 1236 suadere
1002 1171 1108 1254 coepit
1126 1181 1161 1229 aa

100 1259 248 1323 Arimazi
268 1263 393 1342 petram
415 1257 540 1323 tradere
564 1258 702 1341 gratiam
724 1259 811 1343 regis
833 1259 962 1342 inituro,
985 1259 1014 1323 si
1036 1265 1109 1323 tan·

100 1351 153 1412 tas
182 1368 235 1412 res
262 1345 449 1411 molientem
480 1347 515 1409 in
543 1347 636 1410 unius
664 1347 754 1430 rupis
782 1346 947 1410 obsidione
974 1347 1107 1411 haerere

100 1457 170 1500 non
193 1435 360 1518 coegisset
404 1432 465 1498 Ille
486 1435 624 1498 ferocius
644 1435 873 1518 superbiusque
896 1456 993 1518 quam
1012 1439 1108 1498 antea

101 1523 232 1588 locutus
251 1523 340 1587 abire
359 1519 491 1606 Cophen
509 1524 607 1586 iubet.
638 1524 684 1587 At
704 1524 731 1587 is
749 1545 900 1606 prensum
919 1544 1016 1587 manu
1033 1522 1107 1585 bar·
1125 1535 1161 1583 24

100 1611 218 1676 barum
244 1621 353 1696 rogat,
378 1615 417 1676 ut
445 1632 552 1675 secum
580 1615 669 1675 extra
696 1633 825 1694 specum
847 1610 991 1695 prodeat.
1036 1609 1107 1686 Quo

101 1699 266 1782 inpetrato
292 1701 424 1764 iuvenes
451 1699 486 1763 in
508 1701 670 1763 cacumine
694 1700 836 1764 ostendit
857 1705 887 1764 et
908 1700 976 1763 eius
1000 1720 1107 1782 super-

102 1788 177 1852 biae
196 1787 282 1851 haud
305 1787 466 1851 immerito
485 1787 631 1851 inludens
649 1788 764 1869 pinnas
782 1788 899 1852 habere
919 1788 966 1851 ait
984 1788 1107 1851 milites

102 1874 288 1940 Alexandri.
321 1873 452 1959 Iamque
470 1874 710 1939 eMacedonum
729 1877 841 1939 castris
857 1876 1022 1959 signorum
1036 1897 1108 1940 oon·
1125 1885 1162 1934 25

103 1968 216 2028 centus
237 1969 269 2028 et
285 1963 385 2028 totius
407 1963 565 2028 exercitus
589 1963 710 2026 clamor
733 1963 930 2028 audiebatur.
975 1964 1025 2028 Ela
1046 1984 1108 2046 res,

104 2052 187 2116 sicut
205 2052 357 2135 pleraque
380 2052 457 2115 belli
479 2073 564 2116 vana
587 2056 620 2115 et
641 2051 764 2134 inania,
786 2051 942 2118 barbaros
963 2052 1003 2116 ad
1022 2052 1108 2116 dedi-

103 2141 226 2205 tionem
241 2140 354 2205 traxit:
374 2141 490 2223 quippe
509 2140 656 2221 occupati
672 2143 760 2204 metu
779 2142 973 2223 paucitatem
989 2163 1109 2224 eorum,

105 2228 160 2312 qui
187 2251 207 2292 a
232 2231 326 2314 tergo
354 2233 458 2310 erant,
490 2229 661 2292 aestimare
688 2249 753 2292 non
785 2232 944 2312 poterant.
993 2229 1108 2312 Itaque
1126 2240 1160 2288 26

104 2313 239 2400 Cophen
262 2353 303 2362 —
326 2338 403 2380 nam
424 2316 622 2398 trepidantes
644 2316 820 2400 reliquerat
842 2354 882 2364 -
908 2321 1037 2382 strenue
1059 2339 1108 2381 re·

104 2410 222 2469 vocant
245 2407 371 2469 etcum
395 2425 432 2468 eo
454 2421 526 2467 xxx
548 2405 707 2487 principes
722 2406 877 2483 mittunt,
904 2407 959 2488 qui
981 2409 1108 2488 petram

103 2494 235 2556 tradant
262 2496 307 2576 et,
335 2495 373 2556 ut
399 2492 614 2556 incolumibus
642 2492 730 2556 abire
758 2493 866 2575 liceat,
895 2494 1061 2574 paciscant
1099 2543 1108 2557 .

103 2578 163 2644 Ille
186 2602 382 2664 quamquam
405 2582 587 2660 verebatur,
610 2602 650 2644 ne
669 2584 840 2662 conspecta
862 2580 1012 2643 iuvenum
1031 2602 1107 2662 pau·
1125 2591 1161 2639 27

105 2669 201 2733 citato
225 2669 434 2734 deturbarent
451 2690 505 2732 eos
523 2668 665 2751 barbari,
688 2672 797 2731 tamen
815 2671 847 2730 et
864 2666 1012 2731 fortunae
1030 2689 1108 2732 suae

105 2757 243 2821 confisus
267 2761 300 2821 et
318 2756 459 2821 Arimazi
478 2757 645 2839 superbiae
664 2757 814 2838 infensae,
836 2755 959 2818 nullam
980 2777 1014 2820 se
1033 2777 1109 2821 con-

105 2843 263 2910 dicionem
291 2845 461 2909 deditionis
484 2845 626 2928 accipere
649 2842 821 2926 respondit.
865 2841 1031 2909 Arimazes
1055 2845 1107 2910 de·
1125 2855 1161 2905 28

106 2933 242 3016 speratis
269 2934 375 3017 magis
407 2955 503 3017 quam
534 2931 667 3016 perditis
693 2930 788 2994 rebus
822 2953 893 2994 cum
919 2934 1107 3019 propinquis

105 3021 378 3105 nobilissimisque
405 3021 511 3105 gentis
539 3041 614 3084 suae
641 3019 802 3082 descendit
825 3019 859 3083 in
882 3024 1000 3085 castra:
1028 3043 1108 3104 quos

106 3111 209 3173 omnis
236 3110 422 3174 verberibus
450 3108 592 3173 adfectos
619 3107 678 3172 sub
705 3107 785 3189 ipsis
809 3108 968 3173 radicibus
996 3113 1108 3191 petrae

5 3239 6 3242 =
107 3198 252 3262 crucibus
274 3197 370 3261 iussit
392 3196 496 3282 adfigi.
541 3195 714 3262 Multitudo
742 3195 963 3261 dediticiorum
990 3197 1107 3261 incolis
1124 3209 1161 3258 29

106 3305 260 3350 novarum
291 3287 419 3350 urbium
442 3307 515 3350 cum
542 3284 676 3368 pecunia
703 3288 797 3367 capta
824 3284 908 3348 dono
941 3284 1016 3349 data
1043 3288 1107 3351 est:

107 3373 287 3438 Artabazus
308 3375 343 3438 in
369 3377 480 3457 petrae
508 3373 726 3456 regionisque,
749 3394 829 3456 quae
853 3373 1001 3456 adposita
1024 3376 1109 3438 essct

5 3479 6 3552 ᾗ
109 3462 148 3544 ei,
169 3464 305 3527 tutelam
327 3463 467 3528 relictus.

498 3637 709 3648 ν--ο--ιι-
