2600 4096
217 207 281 270 172
584 205 617 271 Q.
635 204 745 259 culm
763 204 851 258 RUFI

217 371 335 415 sumus.
374 347 467 414 Unus
490 349 594 438 amnis
617 348 786 412 interfluit:
815 368 912 431 quem
933 347 964 410 si
985 345 1159 426 traicirnus,
1179 343 1217 406 in

166 453 200 502 u
216 437 380 520 Europam
407 459 497 501 arma
523 435 724 520 proferimus.
772 434 819 499 Et
843 435 958 519 quanti
987 432 1217 498 aestimandum

218 531 277 608 est,
299 525 374 590 dum
396 525 511 588 Asiam
533 525 726 610 subigimus,
747 523 789 592 in,
805 523 869 587 alio
889 520 1124 606 quodammodo
1141 521 1218 583 orbe

217 619 352 696 tropaea
374 616 516 676 statuere
538 615 585 696 ct,
607 633 687 696 quae
709 616 778 675 tam
799 611 897 692 longo
915 609 1088 674 intervallo
1105 611 1219 672 natura

167 714 201 764 15
221 701 345 766 ridetur
363 700 538 781 diremisse,
556 721 621 764 una
637 699 774 763 victoria
791 699 899 763 subito
917 695 1140 762 committere?
1170 695 1220 759 At

218 787 361 870 hercule,
391 788 421 852 si
455 788 590 872 paulurn
621 787 864 868 cessaverimus,
898 786 932 850 in
968 785 1071 869 tergis
1100 784 1219 848 nostris

220 874 358 960 Scythae
398 875 584 940 haerebunt
636 877 689 938 An
728 876 791 939 soli
831 896 956 955 sumus,
997 873 1053 957 qui
1089 872 1221 936 fiumina

219 967 388 1027 transnare
409 963 601 1046 possumus?
645 962 751 1027 Multa
777 964 811 1026 in
832 961 1050 1044 nosmetipsos
1072 960 1222 1042 recident,

169 1065 202 1116 le
222 1051 338 1134 quibus
371 1051 473 1116 adhuc
502 1052 646 1115 vicimus.
694 1049 840 1116 Fortuna
871 1049 951 1113 belli
983 1053 1087 1112 artorn
1116 1048 1221 1113 victos

222 1159 347 1222 quoque
374 1139 476 1204 docet
522 1138 657 1204 Utribus
689 1159 815 1202 amnem
845 1137 1014 1201 traiciendi
1041 1136 1223 1218 exemplum

220 1225 355 1291 fecimus
389 1248 508 1310 nuper:
552 1226 627 1310 hoc,
662 1230 700 1291 ut
736 1224 875 1309 Scythae
910 1225 1033 1289 imitari
1067 1225 1224 1307 nesciant,

172 1328 203 1376 17
220 1312 388 1379 Bactriani
405 1315 573 1380 docebunt
607 1313 777 1379 Praeterea
794 1335 876 1378 unus
895 1314 1004 1396 gentis
1022 1312 1119 1376 huius
1138 1333 1224 1376 exer·

222 1403 305 1467 citus
327 1403 431 1468 adhuc
453 1403 554 1487 venit,
582 1403 679 1466 ceteri
702 1405 917 1484 expectantur.
956 1400 1009 1466 Ita
1036 1401 1157 1465 bellum
1178 1401 1224 1465 ri·

221 1492 321 1555 tando
352 1492 474 1555 alemus
506 1494 551 1572 et,
586 1490 671 1575 quod
706 1490 825 1553 inferre
857 1510 1044 1573 possumus,
1079 1489 1225 1573 accipere

173 1591 204 1645 18
222 1599 383 1660 cogemur.
427 1577 600 1643 Manifesta
627 1581 678 1642 est
704 1578 831 1642 consilii
862 1578 926 1641 mei
952 1577 1045 1642 ratio.
1091 1575 1156 1642 Sed
1183 1599 1223 1642 an

222 1667 411 1752 permissuri
429 1666 494 1730 sint
512 1667 593 1730 mihi
606 1664 794 1730 Macedones
813 1666 920 1729 animo
938 1666 989 1730 uti
1001 1687 1084 1748 meo,
1102 1665 1224 1748 dubito,

223 1757 312 1839 quia,
335 1777 374 1819 ex
393 1776 455 1838 quo
474 1754 535 1819 hoc
553 1754 668 1818 vulnus
687 1754 808 1836 accepi,
829 1775 896 1818 non
914 1775 995 1837 equo
1015 1758 1126 1818 vectus
1145 1775 1225 1835 sum,

222 1865 290 1907 non
311 1843 445 1927 pedibus
467 1842 642 1925 ingressus.
677 1839 739 1906 Sed
762 1843 859 1905 sime
880 1842 968 1926 sequi
987 1841 1101 1925 vultis,
1123 1842 1226 1918 valeo,

172 1931 326 1996 reamini.
371 1929 458 1995 Satis
489 1932 608 1995 virium
640 1933 690 1994 est
716 1930 757 1994 ad
785 1930 954 1994 toleranda
982 1930 1060 1994 ista:
1093 1935 1166 2013 aut,
1196 1930 1225 1992 si

223 2019 288 2082 iam
324 2018 416 2083 adest
446 2020 531 2084 vitae
562 2039 653 2084 meae
689 2017 776 2099 finis,
804 2018 839 2082 in
871 2039 933 2102 quo
965 2017 1095 2082 tandem
1129 2039 1224 2101 opere

170 2105 338 2169 romelius
365 2105 555 2190 extinguar?
604 2105 693 2170 Haec
723 2127 840 2189 quassa
871 2106 974 2170 adhuc
1005 2127 1082 2169 voce
1111 2105 1265 2175 subde-31

223 2193 332 2256 ficiens
351 2193 405 2256 vix
427 2194 582 2275 proximis
601 2194 843 2258 exaudientibus
866 2193 999 2272 dixerat,
1020 2215 1094 2258 oum
1114 2215 1224 2258 omnes

223 2303 243 2343 a
265 2285 333 2344 tam
360 2281 530 2364 praecipiti
556 2283 691 2347 consilio
717 2301 827 2365 regem
854 2281 1013 2346 deterrere
1040 2286 1226 2366 coeperunt,

170 2383 204 2432 21
223 2367 374 2453 Erigyius
392 2371 543 2452 maxime,
561 2369 629 2453 qui,
645 2369 731 2433 haud
749 2392 825 2434 sane
844 2371 1036 2434 auctoritate
1053 2371 1225 2454 proficiens

223 2457 308 2541 apud
322 2457 524 2522 obstinatum
543 2457 693 2540 animum,
711 2458 982 2542 superstitionem,
1000 2457 1089 2523 cuius
1108 2465 1225 2542 potens

222 2568 288 2612 non
307 2550 376 2612 erat
393 2565 463 2630 rex,
485 2546 627 2611 incutere
646 2547 817 2628 temptavit
834 2545 979 2623 dicendo,
1001 2546 1079 2611 deos
1096 2569 1226 2632 quoque

170 2649 204 2701 aa
222 2635 351 2702 obstare
388 2633 522 2700 consilio
558 2653 773 2718 magnumque
808 2634 1003 2718 pericnlum,
1040 2636 1068 2699 si
1104 2637 1228 2700 flumen

223 2725 408 2806 transisset,
444 2722 578 2789 osteudi.
629 2721 771 2787 Intranti
805 2721 942 2806 Erigyio
979 2724 1227 2788 tabernaculum

222 2812 308 2895 regis
331 2811 522 2876 Aristander
547 2814 740 2893 occurrerat,
766 2811 875 2875 tristia
904 2813 978 2875 exta
1003 2811 1103 2877 fuisse
1127 2813 1228 2896 signi-

171 2913 205 2962 28
224 2899 337 2964 ficans:
354 2898 433 2963 haec
451 2923 491 2965 ex
507 2903 582 2964 rate
600 2903 752 2982 conperta
765 2897 920 2983 Erigyius
937 2900 1118 2965 nuntiabat.
1155 2901 1229 2977 Quo

222 2985 361 3051 inhibito
385 2988 565 3052 Alexander
592 3009 658 3052 non
684 2988 872 3065 irasolum,
899 2988 1076 3054 sedetiam
1101 2989 1229 3072 pudore

223 3075 387 3157 confusus,
420 3076 504 3159 quod
535 3075 733 3159 superstiti0,
765 3096 861 3158 quam
892 3075 1066 3160 celaverat,
1097 3077 1229 3162 detege·

170 3179 205 3229 aa
224 3164 328 3242 batur,
345 3161 571 3228 Aristandrum
589 3164 697 3229 vocari
713 3163 810 3228 iubet.
847 3162 909 3239 Qui
927 3167 964 3228 ut
981 3166 1077 3246 venit,
1094 3166 1229 3230 intuens

223 3274 308 3334 eum,
340 3249 426 3316 ‘Non
452 3251 529 3332 rex',
555 3253 673 3337 inquit,
705 3251 772 3315 ‘sed
798 3253 941 3335 privatus
970 3252 1163 3318 sacrificium
1191 3258 1230 3319 ut

223 3341 343 3405 faceres
379 3340 542 3404 mandavi:
578 3341 655 3425 quid
687 3362 723 3404 eo
755 3340 1011 3426 portenderetur,
1046 3362 1102 3405 cur
1140 3343 1229 3425 apud

223 3429 322 3495 alium
346 3449 442 3514 quam
465 3428 548 3512 apud
571 3449 621 3492 me
644 3429 805 3512 professus
828 3429 884 3493 es?
929 3427 1085 3513 Erigyius
1108 3450 1230 3495 arcana

224 3539 295 3583 mea
322 3521 355 3584 et
385 3521 508 3583 secreta
538 3520 571 3581 te
597 3517 750 3601 prodente
782 3517 946 3602 cognovit:
977 3538 1074 3602 quem
1102 3522 1230 3584 certum

223 3607 403 3671 mehercule
435 3606 539 3671 habeo
572 3608 717 3670 extorum
748 3606 921 3688 interprete
953 3607 1002 3670 uti
1038 3609 1126 3671 metu
1160 3628 1230 3670 suo.
