2600 4096
257 151 508 208 HISTORIARUM
525 150 739 206 ALEXANDRI
759 151 843 221 VIIII,
861 157 886 206 2.
1009 151 1072 216 231

70 297 208 363 vanitas.
240 295 294 362 Sic
309 293 441 361 Ciliciae
458 295 581 380 fauces,
599 295 646 361 sic
663 293 916 379 Mesopotamiae
935 315 1076 383 campos,

71 384 199 470 'tigrim
230 387 264 449 at
295 382 497 468 Euphraten,
529 406 664 469 quorum
689 385 827 450 alterum
853 383 935 449 vado
959 385 1077 450 transi·

72 473 188 558 simus,
200 472 340 538 alterum
353 475 461 556 ponte,
478 473 654 538 terribilem
672 472 815 538 fecerant
827 472 953 537 Persae.
975 471 1075 537 Num·
1096 483 1128 533 14

73 561 225 644 quemad
245 561 402 644 liquidum
416 560 504 626 fama
521 560 718 645 perducitur,
737 561 845 626 omnia
857 560 917 626 illa
928 560 1077 627 trudente

73 650 198 714 maiora
221 654 297 713 sunt
319 669 404 714 vero.
443 648 564 714 Nostra
586 670 712 734 quoque
735 650 853 734 gloria,
876 671 947 714 cum
971 650 1015 713 sit
1038 671 1077 713 ex

73 737 193 817 solido,
215 738 289 821 plus
311 740 423 801 tamen
443 735 542 802 habet
558 737 699 802 nominis
718 759 811 822 quam
832 738 946 822 operis.
979 735 1075 802 Modo
1096 748 1129 796 15

73 826 147 909 quis
160 826 273 890 beluas
287 825 456 890 offerentes
471 826 632 890 moenium
646 825 793 909 speciem,
807 827 879 910 quis
890 824 1077 910 Hydaspem

73 935 212 998 amnem,
235 913 306 998 quis
325 917 432 977 cetera
449 912 560 978 auditu
578 913 703 978 maiora
720 935 815 996 quam
833 935 909 979 vero
928 913 1078 979 sustineri

72 1023 170 1086 posse
192 1000 365 1067 credebat?
411 999 512 1084 Olim,
537 1001 679 1084 hercule,
706 1001 900 1085 fugissemus
926 1024 966 1066 ex
987 1000 1077 1087 Asia,

74 1090 103 1154 si
129 1112 190 1155 nos
221 1089 351 1155 fabulae
381 1088 543 1154 debellare
569 1089 758 1174 potuissent
808 1086 989 1155 Creditisne
1017 1091 1131 1156 ele-16

74 1179 271 1262 phantorum
289 1197 404 1262 greges
422 1179 559 1242 maiores
579 1199 662 1262 esse,
684 1191 780 1261 quam
800 1199 937 1261 usquam
956 1200 1080 1243 armen·

74 1271 182 1331 torum
196 1270 280 1346 sunt,
298 1287 371 1331 cum
384 1269 418 1330 et
430 1287 539 1331 rarum
554 1266 598 1330 sit
611 1266 730 1330 animal
747 1287 806 1330 nec
822 1265 918 1330 facilc
932 1267 1080 1350 capiatur

75 1355 243 1438 multoque
270 1353 432 1419 difficilius
457 1353 643 1438 mitigetur?
688 1353 790 1438 Atqui
817 1352 928 1418 eadem
951 1354 1078 1420 vanitas
1098 1364 1131 1413 1⁷

76 1444 184 1526 copias
209 1442 354 1527 peditum
378 1441 583 1526 equitumque
604 1443 794 1506 numeravit.
839 1440 924 1506 Nam
951 1441 1080 1527 flumen,

75 1553 137 1615 quo
166 1530 266 1596 latius
293 1530 400 1595 fusum
428 1533 490 1614 cst,
516 1530 578 1595 hoc
604 1530 760 1614 placidius
784 1533 929 1615 stagnat:
961 1529 1080 1614 quippe

77 1617 539 1791 tultellttttltl
558 1618 1082 1790 bullita?lllltglt

542 1756 551 1790 1

77 1817 189 1861 cursus
209 1798 267 1861 est.
307 1795 476 1859 Praeterea
493 1794 528 1858 in
545 1793 618 1878 ripa
636 1816 729 1859 omne
748 1795 926 1878 periculum
944 1797 1003 1878 est,
1024 1794 1081 1859 ubi
1100 1805 1133 1852 18

77 1883 277 1968 adplicantes
294 1883 426 1966 navigia
449 1881 554 1947 hostis
573 1884 729 1966 expectat
764 1882 817 1948 Ita
834 1886 1080 1966 quantumcum-

77 1994 135 2056 que
168 1972 288 2036 flumen
319 1971 504 2053 intervenit,
538 1970 623 2034 idem
654 1970 798 2035 futurum
830 1970 1001 2035 discrimen
1031 1973 1081 2034 est

76 2061 278 2125 evadentium
300 2059 335 2123 in
357 2063 486 2124 terram.
531 2054 593 2122 Sed
616 2059 724 2122 omnia
746 2058 810 2123 ista
832 2080 909 2123 vera
932 2079 1001 2124 esse
1024 2059 1082 2122 fin·

46 2146 484 2302 silitulallllmtssrlli
506 2147 1082 2320 mdtlllllsl'flltlmullulllll
1100 2157 1133 2206 ¹⁹

77 2345 229 2410 praesens
264 2323 420 2388 habemus
453 2323 648 2408 exemplum:
684 2324 719 2387 iu
751 2345 826 2389 suos
860 2324 1080 2388 vehementius

78 2434 174 2497 quam
201 2412 236 2476 iu
262 2434 321 2476 nos
344 2413 598 2496 incucurrerunt,
624 2415 692 2475 tam
717 2416 810 2477 rasta
833 2433 969 2494 corpora
994 2432 1081 2475 secu·

77 2501 166 2566 ribus
188 2500 395 2583 falcibusque
413 2499 562 2564 mutilata
581 2503 665 2564 sunt.
703 2498 786 2575 Quid
805 2503 913 2564 autem
934 2499 1133 2582 intereaque
1261 2499 1266 2510 “

77 2588 213 2654 totidem
236 2589 315 2671 sint,
343 2590 423 2672 quot
449 2587 550 2652 Porus
581 2587 708 2667 habuit,
741 2610 782 2652 an
808 2605 848 2650 111
875 2585 978 2667 milia,
1010 2606 1079 2649 cum

78 2698 142 2741 uno
170 2679 227 2740 aut
253 2677 356 2740 altero
384 2675 561 2740 vulneratis
587 2676 743 2741 videamus
765 2677 887 2739 ceteros
910 2672 945 2738 in
970 2672 1081 2758 fugam

79 2764 252 2831 declinari?
280 2763 385 2833 ,Dein
413 2784 532 2847 paucos
564 2784 689 2846 quoquc
720 2761 920 2828 incommode
952 2765 1082 2847 regunt:
1100 2772 1133 2823 21

80 2856 275 2938 congregata
301 2873 377 2916 vero
408 2854 459 2917 tot
485 2850 576 2915 milia
606 2851 679 2934 ipsa
712 2871 745 2915 se
777 2849 909 2933 clident,
940 2851 997 2915 ubi
1023 2870 1083 2916 nea

81 2945 165 3006 stare
190 2962 249 3005 nec
271 2939 381 3025 fugere
409 2939 573 3022 potuerint
597 2938 755 3004 inhabiles
782 2941 949 3003 vastorum
972 2959 1083 3021 corpo·

80 3051 151 3094 rum
182 3029 292 3093 moles.
347 3027 503 3110 Equidem
536 3029 581 3091 sic
613 3027 767 3091 animalia
797 3027 877 3092 ista⁴
894 3025 1083 3110 contempsi,

81 3121 129 3199 ut,
151 3139 223 3182 cum
244 3117 398 3181 haberem
419 3116 502 3199 ipse,
524 3136 589 3179 non
608 3115 825 3199 apposuerim,
849 3115 931 3179 satis
954 3135 1082 3199 guarus,

81 3208 151 3290 plus
185 3205 251 3269 suis
284 3225 380 3288 quam
410 3203 558 3268 hostibus
589 3203 726 3286 periculi
752 3203 877 3270 inferre.
925 3199 972 3266 At
997 3202 1135 3266 enim-ee

84 3293 224 3379 equitum
249 3292 455 3376 peditumque
478 3290 650 3357 multitudo
678 3313 736 3356 vos
762 3289 957 3357 commoret!
1002 3287 1083 3355 Oum

84 3381 188 3466 paucis
221 3381 308 3444 enim
343 3399 488 3464 pugnare
524 3379 612 3444 soliti
644 3379 722 3444 estis
754 3384 788 3445 et
823 3399 908 3444 nunc
943 3377 1083 3460 primum

88 3469 279 3534 inconditam
303 3466 504 3532 sustinebitis
527 3467 663 3533 turbam.
702 3467 808 3533 Testis
831 3466 983 3532 adversus
1002 3466 1081 3529 mul-
1100 3476 1134 3524 aa

85 3557 250 3624 titudinem
277 3557 390 3621 invicti
412 3555 622 3620 Macedonum
648 3556 774 3621 roboris
798 3554 954 3621 Granicus
979 3553 1083 3618 amnis

702 3651 710 3675 0
