2600 4096
264 252 516 308 HISTORIARUM
533 251 745 307 ALEXANDRI
763 252 823 322 VH,
842 260 866 308 9.
887 259 928 308 10.
1033 252 1095 319 119

88 399 180 463 212111
208 421 266 482 par
292 420 359 464 non
386 402 464 461 erat.
508 395 581 480 lpse
605 393 738 461 Cratero
766 417 836 461 cum
859 396 981 461 maiore
1004 402 1097 480 parte
1115 411 1150 459 22

89 487 252 552 exercitus
275 486 410 551 modicis
432 485 600 549 itineribus
623 484 712 569 sequi
734 484 822 549 iusso
846 485 886 548 ad
903 483 1098 550 Maracanda

88 576 207 640 urbem
229 575 391 656 contendit,
414 595 452 638 ex
475 594 539 657 qna
561 571 761 658 Spitamenes
783 575 936 656 conperto
959 574 1027 638 eius
1045 574 1098 639 ad·

88 669 192 728 22222
209 662 329 728 Bactra
346 661 540 747 perfugerat.
574 660 688 745 Itaque
702 660 876 746 quadriduo
895 683 951 726 rex
964 662 1098 748 longum
1116 675 1149 723 21

89 752 219 816 12122212
243 751 383 836 spatium
407 771 553 814 emensus
571 753 759 834 pervenerat
777 750 812 814 in
830 772 903 815 aum
920 750 1041 835 locum,
1063 751 1099 816 in

90 862 154 924 quo
176 839 364 904 Menedemo
388 839 466 903 duce
488 837 551 903 duo
572 838 663 902 milia
680 837 823 920 peditum
842 842 875 903 et
893 855 957 905 ccc
974 839 1097 923 equites

91 929 256 993 amiserat
291 926 416 992 Horum
434 948 507 991 ossa
524 927 647 990 tumulo
667 927 794 1011 contegi
810 927 907 992 iussit
919 932 953 993 at
964 927 1097 992 inferias

91 1037 184 1080 mora
205 1015 312 1117 patrio
335 1015 431 1080 dedit
472 1013 542 1079 Iam
566 1013 643 1079 Orat
645 1035 716 1078 erus
744 1036 817 1079 cum
843 1014 1004 1102 phalanga
1025 1016 1098 1081 sub·
1117 1031 1151 1079 22

2 1117 3 1156 ὲ
92 1103 187 1189 sequi
208 1104 314 1168 122222
342 1103 382 1168 ad
408 1124 518 1205 regem
541 1106 738 1187 pervenerat.
779 1101 893 1187 Itaque
915 1107 953 1168 ut
979 1127 1099 1189 omnes,

92 1195 147 1276 qui
173 1191 368 1269 defecerant,
390 1192 478 1274 parit
479 1213 513 1256 er
463 1191 613 1256 tbelli
632 1190 722 1255 clade
739 1195 967 1276 premerentur,
990 1193 1098 1277 copias

94 1280 212 1345 dividit
233 1280 347 1364 urique
370 1299 465 1364 agros
489 1283 522 1344 et
544 1279 681 1344 interfici
706 1280 843 1363 puberes
866 1279 966 1346 iubet.

528 1435 608 1503 022.
630 1437 669 1502 X.

48 1549 84 1614 39
185 1541 346 1629 Sogdiana
362 1543 453 1628 ragio
467 1544 588 1608 maiore
607 1566 645 1608 ax
663 1547 756 1628 parte
774 1544 902 1609 deserta
919 1547 981 1610 est:
1000 1546 1099 1610 octin·
1119 1558 1133 1606 1

94 1636 194 1718 genta
211 1633 278 1697 iere
302 1632 407 1697 stadia
428 1631 463 1695 in
484 1631 690 1697 laditudinem
712 1636 822 1698 222222
843 1632 1033 1699 solitudines
1051 1637 1098 1698 22-

94 1725 184 1786 2222.
228 1721 348 1804 Ingens
371 1719 513 1803 spatium
535 1725 642 1785 rectae
664 1721 806 1805 regionis
829 1725 891 1804 222,
916 1743 975 1805 per
1000 1744 1096 1806 quam
1116 1735 1132 1782 2

95 1811 201 1873 amnis
224 1844 262 1855 —
284 1808 515 1891 Polytimetum
532 1811 649 1872 vocant
666 1809 790 1873 incolae
812 1844 851 1855 -
874 1809 984 1874 fertur.
1022 1809 1099 1874 Tor·

95 1901 220 1962 rentem
248 1918 321 1962 eum
347 1897 437 1980 ripae
464 1896 498 1959 in
520 1900 648 1960 tenuem
671 1898 797 1960 alveum
825 1901 957 1982 cogunt,
985 1896 1098 1962 deinde

97 2006 233 2050 caverna
256 1985 375 2068 accipit
398 1991 430 2048 et
457 1985 516 2049 222
539 1989 657 2047 terram
685 1985 780 2067 rapit.
826 1982 945 2050 Cursus
968 1987 1133 2051 abscon-3

97 2073 156 2138 diti
187 2073 340 2138 indicium
371 2077 420 2138 est
452 2094 552 2156 aquae
581 2074 719 2136 meantis
750 2094 861 2158 sonus,
893 2096 965 2138 cum
991 2074 1099 2158 ipsum

97 2163 216 2244 solum,
239 2161 299 2226 222
324 2182 386 2245 quo
409 2166 518 2225 222222
539 2161 642 2224 amnis
661 2161 745 2244 fluit,
767 2183 808 2227 ne
825 2161 951 2227 modico
971 2163 1099 2247 quidem

96 2250 225 2314 resudet
246 2249 391 2314 humore.
434 2249 486 2313 Ex
508 2249 644 2333 captivis
668 2247 904 2334 Sogdianorum
927 2253 967 2316 ad
990 2264 1134 2336 regem4

97 2356 169 2402 xxx
182 2337 378 2403 nobilissimi
393 2358 562 2420 corporum
574 2338 690 2403 robore
705 2339 821 2404 eximio
834 2340 979 2423 perducti
994 2344 1099 2405 erant:

99 2428 152 2511 qui
173 2435 208 2490 22
230 2447 287 2510 per
313 2427 521 2508 interpretem
548 2432 768 2510 cognoverunt
790 2428 880 2492 iussu
901 2427 987 2510 regis
1010 2428 1098 2510 ipsos

99 2515 136 2578 ad
160 2513 354 2598 supplicium
375 2513 476 2596 22221,
504 2535 632 2578 carmen
655 2515 845 2579 laetantium
868 2515 962 2578 modo
986 2535 1099 2579 canere

97 2603 309 2686 tripudiisque
328 2605 361 2666 et
377 2601 541 2667 lasciviori
560 2603 703 2685 corporis
721 2607 812 2667 motu
831 2602 1099 2687 2222122222οά-

99 2690 170 2754 dam
194 2690 295 2755 animi
318 2693 479 2754 ostentare
498 2695 679 2773 coeperunt.
724 2689 911 2754 Admiratus
935 2691 1011 2771 [est]
1034 2702 1133 2770 rex,5

97 2781 189 2844 22222
220 2778 443 2864 magnitudine
475 2779 575 2842 animi
606 2782 756 2862 oppetere
788 2781 924 2843 mortem
955 2780 1101 2844 revocari

99 2889 150 2932 eos
173 2867 283 2951 iussit,
310 2888 440 2932 causam
463 2871 532 2931 tam
555 2867 673 2930 effusae
696 2865 854 2945 laetitiae,
884 2888 956 2931 cum
979 2867 1101 2951 suppli-

8 2955 9 2962 '
99 2956 182 3020 cium
206 2959 281 3020 ante
304 2956 414 3020 oculos
431 2955 597 3038 haberent,
621 2954 797 3039 requirens.
840 2953 905 3038 Illi,
927 2955 956 3020 21
975 2956 1016 3020 22
1036 2956 1136 3020 21122

99 3044 326 3127 occiderentur,
348 3043 458 3108 tristes
477 3043 652 3107 morituros
669 3043 770 3107 fuisse
788 3044 994 3126 respondent:
1017 3065 1102 3108 nunc

99 3153 116 3195 a
132 3136 225 3196 tanto
249 3151 336 3215 rege,
357 3131 478 3196 victore
498 3132 643 3195 omnium
662 3129 816 3215 gentium,
838 3132 1015 3197 maioribus
1034 3133 1102 3196 suis

8 3237 9 3246 ¹
98 3219 200 3284 reddit
186 3224 237 3285 tos
257 3219 429 3284 honestam
447 3223 533 3284 mort
535 3241 594 3302 em,
613 3241 709 3304 quam
728 3219 910 3285 fortesviri
928 3224 1005 3285 2222
1024 3242 1102 3305 quo·

99 3329 156 3391 que
185 3311 386 3392 expeterent,
413 3269 608 3373 carminibis
636 3307 687 3371 sui
714 3308 812 3373 moris
840 3309 1028 3392 laetitiaque
1052 3330 1101 3373 ce·

8 3391 9 3442 ἷ
99 3395 232 3461 1222222.
285 3395 368 3460 Tum
397 3417 453 3461 rex
489 3396 664 3460 admiratus
700 3397 955 3482 magnitudinem
993 3396 1136 3479 animia

8 3535 13 3558 ,
100 3481 249 3587 Quaero,
280 3484 400 3569 inquit,
432 3506 474 3549 an
500 3483 606 3548 212222
634 3484 740 3549 2211212
769 3507 834 3550 222
862 3484 985 3549 inimici
1011 3484 1103 3566 mihi,

100 3573 185 3638 22122
208 3573 366 3637 beneficio
390 3571 507 3637 2122221
527 3570 638 3636 esttisl’
677 3571 734 3637 Illi
751 3595 926 3658 numquam
945 3594 980 3636 se
997 3571 1102 3636 inimi·
1120 3582 1136 3629 8

100 3680 151 3726 222
171 3662 210 3743 21,
230 3661 286 3726 sed
304 3662 390 3726 bello
409 3661 577 3726 lacessitos
595 3660 706 3725 hostes
726 3660 825 3726 fuisse
844 3659 1101 3744 respondent:
1073 3681 1102 3724 s1

890 3764 943 3817 12*
