2582 4098
271 206 522 262 HISTORIABUM
539 205 752 260 ALEXANDBI
770 205 816 276 Vl,
835 213 860 260 6.
1005 206 1067 269 129

61 356 196 436 gratum
223 355 282 416 est
325 349 430 434 Igitur
455 372 497 415 ne
523 349 558 414 iu
586 350 778 414 seditionem
803 371 854 413 res
882 353 1121 432 verte1·etur,1a

60 439 167 503 otium
190 437 458 522 interpellandum
476 443 546 502 erat
567 438 667 521 bello,
691 439 780 502 cuius
800 437 936 502 materia
955 459 1068 521 oppor-

61 542 140 592 tune
169 527 324 592 alebatur.
372 525 520 609 Namque
548 525 667 590 Bessus
697 530 788 590 veste
819 527 909 610 regia
940 531 1121 609 sumptura

61 616 267 680 Artaxerxen
286 613 441 697 appellari
459 636 493 678 se
510 615 649 679 iusserat
667 611 867 698 Scythasque
890 617 924 679 et
946 619 1068 678 ceteros

60 703 183 768 Tanais
207 702 332 768 accolas
361 703 582 768 contrahebat.
627 701 717 766 Haec
740 699 965 766 Satibarzanes
987 723 1067 766 nun-

59 792 183 876 tiabat,
210 813 305 875 quam
326 794 489 874 receptum
517 791 552 854 in
574 791 668 854 fidem
691 791 828 875 regioni,
854 812 950 875 quam
973 795 1069 855 antea

60 881 257 961 obtinuerat,
271 878 434 962 praefecit.
465 878 597 944 Etcum
611 898 708 962 grave
723 878 835 962 spoliis
849 882 1068 963 apparatuque
1089 899 1122 948 14

62 967 209 1032 luxuriae
237 989 353 1052 agmen
380 968 433 1032 vix
456 971 651 1049 moveretur,
679 989 752 1030 suas
775 968 928 1052 primum,
955 967 1068 1032 deinde

60 1057 166 1122 totius
185 1056 343 1120 exercitus
366 1055 509 1121 sarcinas
530 1055 670 1138 exceptis
690 1055 861 1119 admodum
878 1056 1069 1120 necessariis

61 1144 178 1209 referri
203 1144 301 1208 iussit
326 1144 360 1208 in
382 1143 531 1208 medium.
575 1142 730 1208 Planities
754 1147 898 1226 spatiosa
926 1149 1008 1223 erat,
1035 1145 1069 1208 in
1089 1165 1121 1214 15

63 1253 161 1317 quam
199 1230 347 1297 vehicula
383 1235 500 1297 onusta
535 1232 757 1316 perduxerant
814 1232 1069 1314 Expectantibus

61 1321 204 1404 cunctis,
227 1319 303 1404 quid
322 1319 434 1386 deinde
453 1324 539 1386 esset
561 1321 789 1404 imperaturus,
811 1321 952 1384 iumenta
974 1322 1070 1386 iussit

62 1409 179 1473 abduci
207 1409 335 1492 suisque
361 1410 502 1492 primum
530 1410 665 1474 sarcinis
691 1409 762 1474 face
789 1408 919 1472 subdita
946 1413 1069 1474 ceteras

64 1497 191 1561 incendi
226 1498 399 1580 praecepit
453 1496 652 1581 Plagrabant
684 1497 890 1562 exurentibus
922 1497 1070 1582 dominis,
1090 1527 1124 1576 15

65 1607 147 1670 quae
173 1587 211 1648 ut
237 1585 361 1649 intacta
388 1607 427 1650 ex
453 1586 588 1649 urbibus
615 1585 760 1650 hostium
784 1589 947 1669 raperent,
976 1606 1070 1669 saepe

64 1676 213 1738 flammas
230 1675 459 1752 resumerent,
477 1673 566 1738 nullo
590 1673 756 1759 sanguinis
774 1675 915 1757 pretium
934 1673 1070 1738 audente

65 1762 194 1845 deflere,
221 1782 292 1825 cum
319 1763 426 1845 regias
454 1783 531 1847 opes
553 1761 638 1826 idem
664 1763 750 1845 ignis
774 1764 929 1826 exureret.
973 1760 1071 1826 Brevi
1090 1792 1123 1839 17

66 1849 181 1915 deinde
200 1849 283 1913 ratio
307 1849 470 1934 mitigavit
498 1850 641 1915 dolorem
667 1850 854 1934 habilesque
877 1849 1015 1914 militiae
1039 1853 1072 1914 et

66 1937 107 2001 ad
131 1937 241 2002 omnia
262 1939 370 2020 parati
392 1938 598 2002 laetabantur
621 1939 817 2002 sarcinarum
840 1939 950 2020 potius
974 1960 1070 2022 quam

12 2045 54 2109 22
65 2025 255 2108 disciplinae
276 2026 391 2091 fecisse
414 2027 580 2090 iacturam.
614 2024 720 2110 Igitur
739 2025 945 2091 Bactrianam
967 2027 1124 2112 regio-13

64 2136 140 2178 nem
159 2114 322 2198 petebant.
360 2112 422 2178 Sed
436 2113 591 2197 Nicanor,
609 2113 831 2179 Parmenionis
845 2115 944 2198 filius,
963 2116 1071 2180 subita

65 2205 178 2267 morte·
189 2206 354 2286 correptus
373 2222 491 2287 magno
511 2203 667 2267 desiderio
687 2204 737 2267 sui
756 2203 918 2268 adfecerat
931 2208 1072 2268 cunctos.

63 2291 136 2355 Rex
165 2293 240 2355 ante
268 2312 379 2355 omnes
402 2295 543 2355 maestus
571 2292 722 2374 cupiebat
745 2292 875 2375 quidem
898 2292 1072 2356 subsistere
1092 2322 1125 2370 19

63 2378 172 2444 funeri
200 2378 379 2465 adfuturus,
412 2379 468 2442 sed
494 2380 628 2463 penuria
654 2386 889 2445 commeatuum
918 2379 1072 2444 festinare

63 2467 212 2551 cogebat.
257 2467 371 2550 Itaque
392 2465 541 2532 Philotas
568 2489 639 2532 cum
668 2468 791 2533 duobus
816 2467 947 2532 milibus
971 2473 1004 2532 et
1025 2485 1072 2533 nc

62 2556 214 2639 relictus,
237 2559 274 2620 ut
295 2556 382 2620 iusta
403 2555 497 2619 fratri
519 2557 728 2640 persolveret:
751 2557 821 2639 ipse
845 2553 1010 2619 contendit
1032 2555 1072 2619 ad

63 2644 213 2708 Bessum.

155 2730 223 2795 Iter
244 2731 376 2796 facienti
400 2732 429 2796 ei
451 2733 581 2798 litterae
607 2733 795 2798 adferuntur
817 2753 837 2796 a
859 2729 1004 2795 finitimis
1024 2753 1072 2796 sa·
1091 2761 1126 2811 20

62 2825 247 2904 traparum,
276 2819 431 2903 equibus
456 2822 621 2905 cognoscit
644 2821 780 2885 Bessum
808 2819 935 2903 quidem
959 2820 1072 2885 hostili

63 2909 178 2972 ammo
202 2929 366 2972 occurrere
390 2931 462 2975 cum
485 2910 639 2993 exercitu,
668 2912 807 2973 ceterum
833 2906 1072 2992 Satibarzanen,

64 3017 165 3081 quem
194 2999 360 3079 satrapeae
387 2996 540 3062 Ariorum
567 2998 636 3080 ipse
667 2996 887 3080 praefecisset,
919 2997 1072 3062 defecisse

64 3086 109 3149 ab
139 3106 186 3149 eo.
235 3083 348 3168 ltaque
376 3108 571 3171 quamquam
600 3085 700 3150 Besso
728 3085 931 3170 imminebat,
963 3090 1072 3152 tamen
1091 3116 1123 3164 21

64 3173 299 3238 Satibarzanen
327 3176 572 3258 opprimendum
603 3175 765 3257 praeverti
794 3174 951 3258 optimum
982 3178 1071 3240 ratus

64 3264 172 3326 levem
201 3265 397 3327 armaturam
424 3269 456 3328 et
485 3266 647 3348 equestres
675 3262 784 3345 copias
807 3263 913 3327 educit
938 3266 1072 3347 totaque

63 3356 162 3416 nocte
180 3350 296 3415 itinere
316 3354 445 3416 strenue
466 3352 553 3417 facto
572 3352 755 3435 inprovisus
773 3351 862 3416 hosti
881 3352 1073 3435 supervenit.

65 3437 167 3504 Ouius
183 3441 314 3524 cognito
329 3440 466 3504 adventu
479 3439 702 3506 Satibarzanes
716 3461 789 3504 cum
802 3439 926 3504 duobus
941 3440 1072 3504 milibus
1091 3469 1126 3516 22

64 3533 369 3701 iiiiilttiiamperfuglii,c
385 3529 664 3701 egidiisprdiiriids
675 3528 1072 3698 iidirtaelilodciipiraildiunt

121 3730 214 3772 (turtius
228 3731 309 3773 Rufus.
895 3727 910 3772 9
