2600 4096
256 229 510 286 HISTORIARUM
528 230 740 286 ALEXANDRI
758 230 832 302 v111,
851 237 875 287 t.
1010 230 1073 296 199

81 377 161 439 aetas
193 374 428 458 spopondisset.
476 372 597 451 Quodsi
633 375 728 439 ceteri
762 375 924 458 dubitent,
958 380 1073 443 semet
1093 385 1127 436 lt

80 464 189 545 ipsum,
214 483 286 527 cum
311 484 367 527 rex
384 463 498 528 inisset
517 463 712 547 convivium,
729 467 966 547 prostraturum
984 465 1075 530 humi

81 572 194 635 corpus.
247 549 372 615 Debere
407 550 493 616 idem
529 551 634 616 facere
670 554 792 618 ceteros
825 556 858 618 et
893 553 927 618 in
961 553 1074 638 primis

82 638 232 722 sapientia
262 639 438 722 praeditos:
474 639 514 704 ab
546 640 614 704 illis
645 639 733 704 enim
764 641 868 706 cultus
899 642 935 706 in
966 661 1074 726 regem

82 727 588 901 lttltmrtbttttt:
621 727 911 882 abttl'ttlt
925 727 1075 902 ,tuit
1094 739 1128 788 ¹³

82 903 204 968 libertas
223 904 412 968 inviscerat
426 905 505 989 regi,
524 903 617 988 quasi
631 904 719 969 solus
733 904 925 971 Macedonas
943 911 1073 991 paratos

45 988 115 1055 ltsd
139 992 204 1056 tale
229 991 418 1077 obsequium
444 996 632 1057 moraretur.
677 991 710 1058 Is
736 996 807 1058 tum
835 995 962 1060 silentio
989 995 1075 1061 facto
1095 1002 1130 1053 14

82 1101 172 1144 unum
198 1080 291 1144 illum
313 1079 511 1146 intuentibus
534 1081 666 1162 ceteris,
689 1078 736 1145 ‘si
759 1080 836 1165 rex’,
858 1083 978 1167 inquit,
1001 1083 1077 1148 ‘ser

83 1168 161 1233 noni
177 1171 234 1233 tuo
254 1167 419 1250 adfuisset,
435 1168 557 1233 nullius
575 1169 719 1252 profecto
733 1191 795 1234 vox
812 1172 997 1254 responsuri
1014 1171 1077 1237 tibi

82 1255 321 1323 desideraretur:
342 1256 412 1340 ipse
427 1257 512 1321 enim
525 1261 658 1340 peteret,
672 1279 712 1320 ne
726 1257 759 1321 in
773 1259 960 1343 peregrinos
975 1264 1077 1325 exter·

82 1364 193 1429 nosque
206 1345 290 1409 ritus
304 1344 497 1429 degenerare
511 1367 544 1410 se
558 1365 690 1428 cogeres
703 1367 765 1410 neu
779 1347 875 1410 rebus
890 1346 1076 1413 felicissime

82 1433 174 1516 gestis
196 1432 352 1498 invidiam
374 1433 436 1497 tali
457 1432 640 1516 adulatione
663 1434 877 1499 contraheres.
915 1433 977 1499 Sed
1001 1444 1130 1520 quo-15

83 1521 162 1584 niem
183 1520 289 1603 abest,
312 1541 372 1604 ego
395 1521 457 1586 tibi
479 1543 538 1606 pro
561 1523 620 1586 illo
641 1522 834 1606 respondeo,
860 1523 984 1588 nullum
1007 1545 1076 1588 esse

83 1608 207 1673 eundem
222 1611 256 1674 et
273 1609 458 1674 diuturnum
476 1613 510 1674 et
525 1632 738 1695 praecoquem
755 1610 895 1676 fructum
911 1611 1078 1677 caelestes·

83 1717 136 1779 que
155 1697 295 1764 honores
311 1718 378 1762 non
401 1698 476 1762 dare
498 1700 532 1762 te
554 1698 634 1781 regi,
657 1699 712 1763 sed
735 1700 867 1765 auferre.
902 1698 1077 1764 Intervallo

84 1785 160 1849 enim
183 1806 265 1870 opus
284 1790 347 1869 est,
368 1789 405 1849 ut
423 1785 571 1850 credatur
588 1785 666 1850 deus
672 1837 681 1870 ,
700 1807 888 1871 semperque
904 1786 989 1853 hano
1006 1808 1078 1871 gra·

82 1873 154 1937 tiam
177 1873 303 1957 magnis
326 1873 403 1938 viris
427 1873 549 1958 posteri
567 1874 712 1939 reddunt.
751 1874 823 1960 Ego
846 1879 953 1940 antem
973 1897 1078 1940 seram
1098 1885 1130 1934 le

84 1959 342 2027 inmortalitatem
364 1983 478 2045 precor
500 1961 582 2046 regi,
604 1967 641 2026 ut
664 1965 697 2026 et
719 1963 787 2027 vita
810 1962 961 2028 diuturna
984 1964 1027 2028 sit
1045 1967 1079 2028 et

20 2107 21 2118 ,
83 2053 204 2116 aeterna
236 2050 398 2114 maiestas.
451 2049 625 2114 Hominem
658 2051 864 2135 consequitur
895 2051 1079 2136 aliquando,

83 2158 237 2222 nunquam
260 2138 430 2202 comitatur
452 2138 614 2203 divinitas.
654 2137 825 2204 Herculem
848 2141 943 2206 modo
967 2139 1130 2205 etPa·1t

83 2227 155 2289 trem
177 2225 329 2291 Liberum
357 2230 562 2291 consecratae
588 2227 834 2292 inmortalitatis
861 2230 1007 2313 exempla
1031 2249 1079 2292 re·

82 2312 207 2379 ferebas.
261 2312 413 2379 Credisne
444 2314 519 2379 illos
550 2315 644 2380 unius
676 2317 813 2381 convivii
843 2317 969 2381 decreto
1002 2316 1078 2382 deos

81 2401 198 2468 factos?
247 2401 342 2467 Prius
375 2401 416 2467 ab
448 2403 550 2468 ocnlis
576 2404 761 2468 mortalium
796 2405 930 2469 amolita
962 2409 1079 2469 nature

81 2495 138 2574 est,
164 2511 261 2575 quam
287 2490 321 2554 in
349 2490 473 2554 caelum
499 2490 587 2556 fama
613 2493 811 2574 perveheret
860 2490 990 2556 Scilicet
1017 2510 1077 2575 ego
1098 2501 1131 2550 18

81 2581 111 2643 et
133 2582 182 2663 tu,
210 2577 302 2660 Cleo,
331 2578 407 2643 deos
434 2578 582 2644 facimus:
615 2601 635 2645 a
664 2580 759 2645 nobis
791 2579 970 2643 divinitatis
1002 2598 1079 2642 suae

21 2681 22 2690 ¹
81 2667 300 2732 auctoritatem
332 2671 520 2750 accepturus
557 2670 608 2732 est
641 2669 715 2732 rexi
768 2666 952 2731 Potentiam
988 2669 1079 2730 tuam

21 2789 22 2844 ,
83 2755 214 2838 experiri
231 2755 325 2819 libet:
343 2754 395 2819 lac
408 2756 548 2839 aliquem
562 2776 681 2838 regem,
700 2756 728 2819 si
742 2755 835 2818 deum
853 2757 947 2838 potes
965 2753 1079 2819 facere.

21 2879 23 2936 p
81 2839 214 2908 Facilius
238 2847 288 2907 est
305 2842 427 2908 caelum
446 2842 522 2907 dare
546 2865 642 2927 quam
665 2842 843 2926 imperium.
880 2841 923 2907 Di
945 2842 1079 2925 propitii
1099 2852 1132 2901 19

21 2959 23 3012 5
82 2930 144 2995 sine
179 2930 316 3014 invidia,
352 2952 435 3014 quae
466 2929 544 2995 Oleo
582 2931 676 3013 dixit,
711 2929 870 2995 audierint
905 2930 1080 3015 eodemque

21 3017 23 3096 f
83 3037 181 3102 cursu,
208 3040 272 3103 quo
299 3018 419 3083 fluxere
446 3018 549 3084 adhuc
575 3040 638 3100 res,
665 3018 713 3084 ire
736 3018 909 3102 patiantur.
950 3018 1080 3083 Nostris

21 3099 22 3172 l
83 3108 218 3172 moribus
236 3107 341 3172 velint
357 3128 418 3171 nos
437 3128 508 3171 esse
526 3110 702 3171 contentos.
735 3105 811 3172 Non
829 3107 929 3192 pudet
946 3107 1081 3190 patriae,

21 3177 23 3264 l
82 3213 133 3259 nec
155 3195 316 3274 desidero,
339 3195 380 3260 ad
403 3216 497 3279 quem
520 3195 651 3260 modum
673 3216 728 3258 rex
751 3195 832 3259 mihi
855 3194 1004 3260 colendus
1029 3194 1081 3278 sit,

21 3285 22 3330 l
83 3284 202 3349 tebth
224 3283 354 3348 discere.
395 3282 482 3358 Quos
506 3283 652 3367 equidem
670 3284 808 3348 victores
831 3305 899 3348 esre
918 3283 1082 3367 confiteor,

21 3333 105 3433 l20si
129 3372 169 3437 ab
195 3371 262 3436 illis
289 3372 392 3455 leges,
425 3370 496 3454 quis
523 3372 682 3452 vivamus,
716 3369 910 3454 accipimus?
959 3370 1081 3455 Aequis
1099 3381 1134 3431 20

84 3459 206 3525 auribus
225 3459 454 3541 Callisthenes,
476 3459 577 3524 veluti
601 3459 716 3525 vindex
738 3460 888 3544 publicae
910 3458 1082 3542 libertatis,

84 3547 273 3613 audiebatur.
313 3547 527 3632 Expresserat
548 3569 614 3612 non
642 3548 866 3613 adsensionem
888 3547 998 3632 modo,
1025 3546 1080 3611 sed

85 3635 170 3701 etiem
199 3657 313 3703 vocem
340 3636 501 3700 seniorum
528 3636 713 3721 praecipue,
740 3635 856 3720 quibus
879 3635 988 3719 gravis
1012 3637 1082 3701 erat
