<?xml version="1.0" encoding="UTF-8"?>
<!DOCTYPE html PUBLIC "-//W3C//DTD XHTML 1.0 Transitional//EN"
    "http://www.w3.org/TR/xhtml1/DTD/xhtml1-transitional.dtd">
<html xmlns="http://www.w3.org/1999/xhtml" xml:lang="en" lang="en">
 <head>
  <title>
</title>
<meta http-equiv="Content-Type" content="text/html;charset=utf-8" />
  <meta name='ocr-system' content='tesseract 3.04.00' />
  <meta name='ocr-capabilities' content='ocr_page ocr_carea ocr_par ocr_line ocrx_word'/>
</head>
<body>
  <div class='ocr_page' id='page_1' title='image "./qcurtirufihisto04rufugoog_0256.png"; bbox 0 0 2600 4096; ppageno 0'>
   <div class='ocr_carea' id='block_1_1' title="bbox 205 143 841 208">
    <p class='ocr_par' dir='ltr' id='par_1_1' title="bbox 205 143 841 208">
     <span class='ocr_line' id='line_1_1' title="bbox 205 143 841 208; baseline -0.016 0"><span class='ocrx_word' id='word_1_1' title='bbox 205 143 273 208; x_wconf 79' lang='lat'><strong>224</strong></span> <span class='ocrx_word' id='word_1_2' title='bbox 576 145 608 208; x_wconf 83' lang='lat' dir='ltr'><strong>Q.</strong></span> <span class='ocrx_word' id='word_1_3' title='bbox 628 143 738 199; x_wconf 81' lang='lat' dir='ltr'>OURTI</span> <span class='ocrx_word' id='word_1_4' title='bbox 754 144 841 199; x_wconf 82' lang='lat' dir='ltr'>RUFI</span> 
     </span>
    </p>
   </div>
   <div class='ocr_carea' id='block_1_2' title="bbox 155 286 1240 3633">
    <p class='ocr_par' dir='ltr' id='par_1_2' title="bbox 155 286 1240 3633">
     <span class='ocr_line' id='line_1_2' title="bbox 205 286 1195 460; baseline -0.003 -19"><span class='ocrx_word' id='word_1_5' title='bbox 205 286 1195 460; x_wconf 62' lang='lat' dir='ltr'><strong>ttttltzlllltlsstttllttrtt,zlthlllt</strong></span> 
     </span>
     <span class='ocr_line' id='line_1_3' title="bbox 206 463 1196 548; baseline -0.003 -19"><span class='ocrx_word' id='word_1_6' title='bbox 206 465 266 529; x_wconf 89' lang='lat' dir='ltr'><strong>bus</strong></span> <span class='ocrx_word' id='word_1_7' title='bbox 293 464 448 528; x_wconf 89' lang='lat' dir='ltr'><strong>membris</strong></span> <span class='ocrx_word' id='word_1_8' title='bbox 472 463 663 548; x_wconf 83' lang='lat' dir='ltr'><strong>omissisque</strong></span> <span class='ocrx_word' id='word_1_9' title='bbox 685 463 783 528; x_wconf 89' lang='lat' dir='ltr'><strong>armis</strong></span> <span class='ocrx_word' id='word_1_10' title='bbox 806 463 860 527; x_wconf 83' lang='lat' dir='ltr'><strong>vix</strong></span> <span class='ocrx_word' id='word_1_11' title='bbox 881 467 1064 546; x_wconf 89' lang='lat' dir='ltr'><strong>compotem</strong></span> <span class='ocrx_word' id='word_1_12' title='bbox 1085 463 1196 526; x_wconf 89' lang='lat' dir='ltr'><strong>mentis.</strong></span> 
     </span>
     <span class='ocr_line' id='line_1_4' title="bbox 155 549 1196 635; baseline -0.003 -18"><span class='ocrx_word' id='word_1_13' title='bbox 155 557 189 606; x_wconf 79' lang='lat'><strong>84</strong></span> <span class='ocrx_word' id='word_1_14' title='bbox 207 552 288 617; x_wconf 80' lang='lat' dir='ltr'><strong>Tum</strong></span> <span class='ocrx_word' id='word_1_15' title='bbox 316 552 446 617; x_wconf 90' lang='lat' dir='ltr'><strong>beluam</strong></span> <span class='ocrx_word' id='word_1_16' title='bbox 472 551 507 615; x_wconf 91' lang='lat' dir='ltr'><strong>in</strong></span> <span class='ocrx_word' id='word_1_17' title='bbox 528 551 641 634; x_wconf 83' lang='lat' dir='ltr'><strong>fugam</strong></span> <span class='ocrx_word' id='word_1_18' title='bbox 668 552 810 617; x_wconf 86' lang='lat' dir='ltr'><strong>concitat</strong></span> <span class='ocrx_word' id='word_1_19' title='bbox 836 556 988 635; x_wconf 88' lang='lat' dir='ltr'><strong>sequente</strong></span> <span class='ocrx_word' id='word_1_20' title='bbox 1010 549 1196 615; x_wconf 81' lang='lat' dir='ltr'><strong>Alexandro:</strong></span> 
     </span>
     <span class='ocr_line' id='line_1_5' title="bbox 207 639 1197 724; baseline -0.003 -19"><span class='ocrx_word' id='word_1_21' title='bbox 207 641 263 706; x_wconf 90' lang='lat' dir='ltr'><strong>sed</strong></span> <span class='ocrx_word' id='word_1_22' title='bbox 291 661 390 724; x_wconf 88' lang='lat' dir='ltr'><strong>equus</strong></span> <span class='ocrx_word' id='word_1_23' title='bbox 419 639 487 703; x_wconf 88' lang='lat' dir='ltr'><strong>eius</strong></span> <span class='ocrx_word' id='word_1_24' title='bbox 513 639 625 704; x_wconf 88' lang='lat' dir='ltr'><strong>multis</strong></span> <span class='ocrx_word' id='word_1_25' title='bbox 647 640 831 705; x_wconf 83' lang='lat' dir='ltr'><strong>vulneribus</strong></span> <span class='ocrx_word' id='word_1_26' title='bbox 854 639 1023 704; x_wconf 87' lang='lat' dir='ltr'><strong>confossus</strong></span> <span class='ocrx_word' id='word_1_27' title='bbox 1050 639 1197 704; x_wconf 79' lang='lat' dir='ltr'><strong>deficiens</strong></span> 
     </span>
     <span class='ocr_line' id='line_1_6' title="bbox 208 726 1198 813; baseline -0.003 -20"><span class='ocrx_word' id='word_1_28' title='bbox 208 749 268 813; x_wconf 91' lang='lat' dir='ltr'><strong>que</strong></span> <span class='ocrx_word' id='word_1_29' title='bbox 294 726 478 812; x_wconf 74' lang='lat' dir='ltr'><strong>procubuit,</strong></span> <span class='ocrx_word' id='word_1_30' title='bbox 504 729 611 810; x_wconf 91' lang='lat' dir='ltr'><strong>posito</strong></span> <span class='ocrx_word' id='word_1_31' title='bbox 638 729 743 810; x_wconf 83' lang='lat' dir='ltr'><strong>magis</strong></span> <span class='ocrx_word' id='word_1_32' title='bbox 770 747 846 810; x_wconf 82' lang='lat' dir='ltr'><strong>rege</strong></span> <span class='ocrx_word' id='word_1_33' title='bbox 873 749 970 810; x_wconf 87' lang='lat' dir='ltr'><strong>quam</strong></span> <span class='ocrx_word' id='word_1_34' title='bbox 992 726 1103 792; x_wconf 81' lang='lat' dir='ltr'><strong>cffirso.</strong></span> <span class='ocrx_word' id='word_1_35' title='bbox 1142 726 1198 792; x_wconf 88' lang='lat' dir='ltr'><strong>ltn-</strong></span> 
     </span>
     <span class='ocr_line' id='line_1_7' title="bbox 157 814 1199 900; baseline -0.001 -20"><span class='ocrx_word' id='word_1_36' title='bbox 157 821 191 870; x_wconf 70' lang='grc' dir='ltr'>δῦ</span> <span class='ocrx_word' id='word_1_37' title='bbox 209 838 281 900; x_wconf 89' lang='lat' dir='ltr'><strong>qne,</strong></span> <span class='ocrx_word' id='word_1_38' title='bbox 298 815 375 880; x_wconf 92' lang='lat' dir='ltr'><strong>dum</strong></span> <span class='ocrx_word' id='word_1_39' title='bbox 394 836 512 898; x_wconf 92' lang='lat' dir='ltr'><strong>equum</strong></span> <span class='ocrx_word' id='word_1_40' title='bbox 528 819 643 898; x_wconf 87' lang='lat' dir='ltr'><strong>mutat,</strong></span> <span class='ocrx_word' id='word_1_41' title='bbox 661 817 783 880; x_wconf 88' lang='lat' dir='ltr'><strong>tardius</strong></span> <span class='ocrx_word' id='word_1_42' title='bbox 801 816 963 880; x_wconf 88' lang='lat' dir='ltr'><strong>insecutus</strong></span> <span class='ocrx_word' id='word_1_43' title='bbox 981 818 1040 880; x_wconf 87' lang='lat' dir='ltr'><strong>est.</strong></span> <span class='ocrx_word' id='word_1_44' title='bbox 1076 814 1199 888; x_wconf 77' lang='lat' dir='ltr'><strong>Interim</strong></span> 
     </span>
     <span class='ocr_line' id='line_1_8' title="bbox 209 902 1198 988; baseline -0.002 -20"><span class='ocrx_word' id='word_1_45' title='bbox 209 905 310 968; x_wconf 86' lang='lat' dir='ltr'><strong>frater</strong></span> <span class='ocrx_word' id='word_1_46' title='bbox 323 903 457 985; x_wconf 83' lang='lat' dir='ltr'><strong>Taxilis,</strong></span> <span class='ocrx_word' id='word_1_47' title='bbox 474 904 562 988; x_wconf 83' lang='lat' dir='ltr'><strong>regis</strong></span> <span class='ocrx_word' id='word_1_48' title='bbox 579 902 743 987; x_wconf 89' lang='lat' dir='ltr'><strong>Indorum,</strong></span> <span class='ocrx_word' id='word_1_49' title='bbox 760 904 957 987; x_wconf 86' lang='lat' dir='ltr'><strong>praemissus</strong></span> <span class='ocrx_word' id='word_1_50' title='bbox 972 903 1013 967; x_wconf 91' lang='lat' dir='ltr'><strong>ab</strong></span> <span class='ocrx_word' id='word_1_51' title='bbox 1027 903 1198 968; x_wconf 86' lang='lat' dir='ltr'><strong>Alexandro</strong></span> 
     </span>
     <span class='ocr_line' id='line_1_9' title="bbox 208 990 1201 1075; baseline 0 -19"><span class='ocrx_word' id='word_1_52' title='bbox 208 1011 339 1056; x_wconf 88' lang='lat' dir='ltr'><strong>monera</strong></span> <span class='ocrx_word' id='word_1_53' title='bbox 361 992 467 1075; x_wconf 90' lang='lat' dir='ltr'><strong>coepit</strong></span> <span class='ocrx_word' id='word_1_54' title='bbox 488 990 617 1075; x_wconf 90' lang='lat' dir='ltr'><strong>Porum,</strong></span> <span class='ocrx_word' id='word_1_55' title='bbox 638 1012 679 1056; x_wconf 93' lang='lat' dir='ltr'><strong>ne</strong></span> <span class='ocrx_word' id='word_1_56' title='bbox 701 991 817 1056; x_wconf 87' lang='lat' dir='ltr'><strong>ultima</strong></span> <span class='ocrx_word' id='word_1_57' title='bbox 838 991 976 1074; x_wconf 88' lang='lat' dir='ltr'><strong>experiri</strong></span> <span class='ocrx_word' id='word_1_58' title='bbox 992 995 1201 1075; x_wconf 86' lang='lat' dir='ltr'><strong>perseveraret</strong></span> 
     </span>
     <span class='ocr_line' id='line_1_10' title="bbox 156 1078 1201 1164; baseline 0 -20"><span class='ocrx_word' id='word_1_59' title='bbox 156 1085 190 1134; x_wconf 79' lang='grc'><strong>36</strong></span> <span class='ocrx_word' id='word_1_60' title='bbox 208 1079 400 1164; x_wconf 76' lang='lat' dir='ltr'><strong>dederetque</strong></span> <span class='ocrx_word' id='word_1_61' title='bbox 428 1101 461 1144; x_wconf 89' lang='lat' dir='ltr'><strong>se</strong></span> <span class='ocrx_word' id='word_1_62' title='bbox 488 1079 613 1145; x_wconf 86' lang='lat' dir='ltr'><strong>victori.</strong></span> <span class='ocrx_word' id='word_1_63' title='bbox 657 1078 704 1145; x_wconf 78' lang='lat' dir='ltr'><strong>At</strong></span> <span class='ocrx_word' id='word_1_64' title='bbox 725 1080 794 1163; x_wconf 91' lang='lat' dir='ltr'><strong>ille,</strong></span> <span class='ocrx_word' id='word_1_65' title='bbox 822 1101 1015 1164; x_wconf 84' lang='lat' dir='ltr'><strong>quamquam</strong></span> <span class='ocrx_word' id='word_1_66' title='bbox 1037 1081 1201 1145; x_wconf 72' lang='lat' dir='ltr'><strong>exhaustae</strong></span> 
     </span>
     <span class='ocr_line' id='line_1_11' title="bbox 209 1167 1201 1252; baseline 0.001 -20"><span class='ocrx_word' id='word_1_67' title='bbox 209 1171 301 1233; x_wconf 91' lang='lat' dir='ltr'><strong>eraut</strong></span> <span class='ocrx_word' id='word_1_68' title='bbox 330 1168 415 1233; x_wconf 79' lang='lat' dir='ltr'><strong>vires</strong></span> <span class='ocrx_word' id='word_1_69' title='bbox 446 1167 675 1252; x_wconf 82' lang='lat' dir='ltr'><strong>deficiebatque</strong></span> <span class='ocrx_word' id='word_1_70' title='bbox 707 1167 854 1252; x_wconf 83' lang='lat' dir='ltr'><strong>sanguis,</strong></span> <span class='ocrx_word' id='word_1_71' title='bbox 887 1171 996 1233; x_wconf 83' lang='lat' dir='ltr'><strong>tamen</strong></span> <span class='ocrx_word' id='word_1_72' title='bbox 1028 1168 1071 1232; x_wconf 86' lang='lat' dir='ltr'><strong>od</strong></span> <span class='ocrx_word' id='word_1_73' title='bbox 1100 1173 1201 1233; x_wconf 83' lang='lat' dir='ltr'><strong>notam</strong></span> 
     </span>
     <span class='ocr_line' id='line_1_12' title="bbox 208 1254 1202 1341; baseline 0.001 -20"><span class='ocrx_word' id='word_1_74' title='bbox 208 1277 320 1321; x_wconf 86' lang='lat' dir='ltr'><strong>vocem</strong></span> <span class='ocrx_word' id='word_1_75' title='bbox 342 1256 514 1341; x_wconf 85' lang='lat' dir='ltr'><strong>excitatus,</strong></span> <span class='ocrx_word' id='word_1_76' title='bbox 536 1254 743 1341; x_wconf 78' lang='lat' dir='ltr'><strong>‘Adgnosco&#39;,</strong></span> <span class='ocrx_word' id='word_1_77' title='bbox 765 1257 886 1340; x_wconf 88' lang='lat' dir='ltr'><strong>inquit,</strong></span> <span class='ocrx_word' id='word_1_78' title='bbox 909 1255 1041 1321; x_wconf 74' lang='lat' dir='ltr'><strong>‘Taxilis</strong></span> <span class='ocrx_word' id='word_1_79' title='bbox 1068 1257 1202 1339; x_wconf 84' lang='lat' dir='ltr'><strong>fratrem,</strong></span> 
     </span>
     <span class='ocr_line' id='line_1_13' title="bbox 209 1343 1202 1430; baseline 0.003 -22"><span class='ocrx_word' id='word_1_80' title='bbox 209 1344 335 1429; x_wconf 89' lang='lat' dir='ltr'><strong>imperii</strong></span> <span class='ocrx_word' id='word_1_81' title='bbox 357 1345 513 1430; x_wconf 84' lang='lat' dir='ltr'><strong>regnique</strong></span> <span class='ocrx_word' id='word_1_82' title='bbox 532 1344 582 1408; x_wconf 88' lang='lat' dir='ltr'><strong>sui</strong></span> <span class='ocrx_word' id='word_1_83' title='bbox 599 1343 803 1429; x_wconf 88' lang='lat' dir='ltr'><strong>proditoris’:</strong></span> <span class='ocrx_word' id='word_1_84' title='bbox 826 1347 860 1409; x_wconf 90' lang='lat' dir='ltr'><strong>et</strong></span> <span class='ocrx_word' id='word_1_85' title='bbox 877 1344 987 1427; x_wconf 91' lang='lat' dir='ltr'><strong>telum,</strong></span> <span class='ocrx_word' id='word_1_86' title='bbox 1010 1344 1097 1428; x_wconf 94' lang='lat' dir='ltr'><strong>quod</strong></span> <span class='ocrx_word' id='word_1_87' title='bbox 1113 1366 1202 1411; x_wconf 87' lang='lat' dir='ltr'><strong>unum</strong></span> 
     </span>
     <span class='ocr_line' id='line_1_14' title="bbox 208 1432 1202 1516; baseline 0.002 -20"><span class='ocrx_word' id='word_1_88' title='bbox 208 1433 292 1498; x_wconf 86' lang='lat' dir='ltr'><strong>forte</strong></span> <span class='ocrx_word' id='word_1_89' title='bbox 313 1453 380 1497; x_wconf 91' lang='lat' dir='ltr'><strong>non</strong></span> <span class='ocrx_word' id='word_1_90' title='bbox 401 1433 581 1516; x_wconf 89' lang='lat' dir='ltr'><strong>effluxerat,</strong></span> <span class='ocrx_word' id='word_1_91' title='bbox 607 1433 765 1498; x_wconf 88' lang='lat' dir='ltr'><strong>contorsit</strong></span> <span class='ocrx_word' id='word_1_92' title='bbox 789 1432 825 1497; x_wconf 95' lang='lat' dir='ltr'><strong>in</strong></span> <span class='ocrx_word' id='word_1_93' title='bbox 848 1453 935 1516; x_wconf 90' lang='lat' dir='ltr'><strong>eum,</strong></span> <span class='ocrx_word' id='word_1_94' title='bbox 962 1432 1047 1516; x_wconf 94' lang='lat' dir='ltr'><strong>quod</strong></span> <span class='ocrx_word' id='word_1_95' title='bbox 1070 1455 1127 1516; x_wconf 87' lang='lat' dir='ltr'><strong>per</strong></span> <span class='ocrx_word' id='word_1_96' title='bbox 1146 1455 1202 1498; x_wconf 90' lang='lat' dir='ltr'><strong>me·</strong></span> 
     </span>
     <span class='ocr_line' id='line_1_15' title="bbox 157 1517 1202 1606; baseline -0.001 -20"><span class='ocrx_word' id='word_1_97' title='bbox 157 1528 190 1577; x_wconf 76' lang='grc'><strong>37</strong></span> <span class='ocrx_word' id='word_1_98' title='bbox 209 1522 298 1586; x_wconf 91' lang='lat' dir='ltr'><strong>dium</strong></span> <span class='ocrx_word' id='word_1_99' title='bbox 324 1523 436 1605; x_wconf 90' lang='lat' dir='ltr'><strong>pectus</strong></span> <span class='ocrx_word' id='word_1_100' title='bbox 462 1521 645 1604; x_wconf 83' lang='lat' dir='ltr'><strong>penetravit</strong></span> <span class='ocrx_word' id='word_1_101' title='bbox 670 1520 711 1585; x_wconf 84' lang='lat' dir='ltr'><strong>ad</strong></span> <span class='ocrx_word' id='word_1_102' title='bbox 738 1523 874 1606; x_wconf 82' lang='lat' dir='ltr'><strong>tergum.</strong></span> <span class='ocrx_word' id='word_1_103' title='bbox 917 1517 991 1585; x_wconf 91' lang='lat' dir='ltr'><strong>Hoc</strong></span> <span class='ocrx_word' id='word_1_104' title='bbox 1011 1520 1128 1586; x_wconf 91' lang='lat' dir='ltr'><strong>ultimo</strong></span> <span class='ocrx_word' id='word_1_105' title='bbox 1149 1521 1202 1587; x_wconf 86' lang='lat' dir='ltr'><strong>vir·</strong></span> 
     </span>
     <span class='ocr_line' id='line_1_16' title="bbox 208 1608 1202 1694; baseline -0.002 -19"><span class='ocrx_word' id='word_1_106' title='bbox 208 1610 290 1675; x_wconf 88' lang='lat' dir='ltr'><strong>tutis</strong></span> <span class='ocrx_word' id='word_1_107' title='bbox 313 1629 408 1692; x_wconf 87' lang='lat' dir='ltr'><strong>opere</strong></span> <span class='ocrx_word' id='word_1_108' title='bbox 431 1608 517 1673; x_wconf 90' lang='lat' dir='ltr'><strong>edito</strong></span> <span class='ocrx_word' id='word_1_109' title='bbox 540 1609 651 1694; x_wconf 84' lang='lat' dir='ltr'><strong>fugere</strong></span> <span class='ocrx_word' id='word_1_110' title='bbox 673 1609 777 1673; x_wconf 86' lang='lat' dir='ltr'><strong>acrius</strong></span> <span class='ocrx_word' id='word_1_111' title='bbox 801 1608 920 1692; x_wconf 89' lang='lat' dir='ltr'><strong>coepit,</strong></span> <span class='ocrx_word' id='word_1_112' title='bbox 942 1608 998 1673; x_wconf 89' lang='lat' dir='ltr'><strong>sed</strong></span> <span class='ocrx_word' id='word_1_113' title='bbox 1021 1610 1202 1694; x_wconf 80' lang='lat' dir='ltr'><strong>elephantus</strong></span> 
     </span>
     <span class='ocr_line' id='line_1_17' title="bbox 209 1695 1203 1782; baseline -0.001 -19"><span class='ocrx_word' id='word_1_114' title='bbox 209 1719 349 1782; x_wconf 88' lang='lat' dir='ltr'><strong>quoque,</strong></span> <span class='ocrx_word' id='word_1_115' title='bbox 375 1697 431 1780; x_wconf 92' lang='lat' dir='ltr'><strong>qui</strong></span> <span class='ocrx_word' id='word_1_116' title='bbox 452 1697 556 1761; x_wconf 89' lang='lat' dir='ltr'><strong>multa</strong></span> <span class='ocrx_word' id='word_1_117' title='bbox 578 1701 747 1780; x_wconf 77' lang='lat' dir='ltr'><strong>exceperat</strong></span> <span class='ocrx_word' id='word_1_118' title='bbox 768 1697 848 1780; x_wconf 87' lang='lat' dir='ltr'><strong>tela,</strong></span> <span class='ocrx_word' id='word_1_119' title='bbox 877 1695 1056 1764; x_wconf 87' lang='lat' dir='ltr'><strong>deficiebat.</strong></span> <span class='ocrx_word' id='word_1_120' title='bbox 1099 1697 1203 1781; x_wconf 84' lang='lat' dir='ltr'><strong>Itaque</strong></span> 
     </span>
     <span class='ocr_line' id='line_1_18' title="bbox 156 1784 1203 1870; baseline -0.003 -19"><span class='ocrx_word' id='word_1_121' title='bbox 156 1802 190 1852; x_wconf 79' lang='lat' dir='ltr'><strong>os</strong></span> <span class='ocrx_word' id='word_1_122' title='bbox 210 1788 298 1851; x_wconf 89' lang='lat' dir='ltr'><strong>sistit</strong></span> <span class='ocrx_word' id='word_1_123' title='bbox 323 1786 436 1870; x_wconf 83' lang='lat' dir='ltr'><strong>fugam</strong></span> <span class='ocrx_word' id='word_1_124' title='bbox 462 1785 664 1869; x_wconf 87' lang='lat' dir='ltr'><strong>peditemque</strong></span> <span class='ocrx_word' id='word_1_125' title='bbox 691 1784 837 1870; x_wconf 80' lang='lat' dir='ltr'><strong>sequenti</strong></span> <span class='ocrx_word' id='word_1_126' title='bbox 862 1784 951 1850; x_wconf 89' lang='lat' dir='ltr'><strong>hosti</strong></span> <span class='ocrx_word' id='word_1_127' title='bbox 977 1785 1105 1852; x_wconf 81' lang='lat' dir='ltr'><strong>obiecit</strong></span> <span class='ocrx_word' id='word_1_128' title='bbox 1143 1786 1203 1852; x_wconf 92' lang='lat' dir='ltr'><strong>Iam</strong></span> 
     </span>
     <span class='ocr_line' id='line_1_19' title="bbox 208 1872 1204 1960; baseline 0 -22"><span class='ocrx_word' id='word_1_129' title='bbox 208 1874 391 1938; x_wconf 80' lang='lat' dir='ltr'><strong>Alexander</strong></span> <span class='ocrx_word' id='word_1_130' title='bbox 414 1877 602 1939; x_wconf 89' lang='lat' dir='ltr'><strong>consecutus</strong></span> <span class='ocrx_word' id='word_1_131' title='bbox 629 1876 699 1938; x_wconf 84' lang='lat' dir='ltr'><strong>erat</strong></span> <span class='ocrx_word' id='word_1_132' title='bbox 728 1877 761 1938; x_wconf 92' lang='lat' dir='ltr'><strong>et</strong></span> <span class='ocrx_word' id='word_1_133' title='bbox 786 1872 963 1956; x_wconf 83' lang='lat' dir='ltr'><strong>pertinacia</strong></span> <span class='ocrx_word' id='word_1_134' title='bbox 984 1873 1062 1938; x_wconf 88' lang='lat' dir='ltr'><strong>Pori</strong></span> <span class='ocrx_word' id='word_1_135' title='bbox 1083 1873 1204 1960; x_wconf 80' lang='lat' dir='ltr'><strong>cognita</strong></span> 
     </span>
     <span class='ocr_line' id='line_1_20' title="bbox 209 1960 1204 2046; baseline 0 -21"><span class='ocrx_word' id='word_1_136' title='bbox 209 1963 342 2026; x_wconf 84' lang='lat' dir='ltr'><strong>vetabat</strong></span> <span class='ocrx_word' id='word_1_137' title='bbox 367 1961 591 2027; x_wconf 87' lang='lat' dir='ltr'><strong>resistentibus</strong></span> <span class='ocrx_word' id='word_1_138' title='bbox 614 1961 713 2044; x_wconf 87' lang='lat' dir='ltr'><strong>parci.</strong></span> <span class='ocrx_word' id='word_1_139' title='bbox 761 1960 850 2044; x_wconf 82' lang='lat' dir='ltr'><strong>Ergo</strong></span> <span class='ocrx_word' id='word_1_140' title='bbox 877 1961 1017 2045; x_wconf 87' lang='lat' dir='ltr'><strong>undiquc</strong></span> <span class='ocrx_word' id='word_1_141' title='bbox 1044 1965 1078 2026; x_wconf 90' lang='lat' dir='ltr'><strong>et</strong></span> <span class='ocrx_word' id='word_1_142' title='bbox 1104 1963 1139 2028; x_wconf 92' lang='lat' dir='ltr'><strong>in</strong></span> <span class='ocrx_word' id='word_1_143' title='bbox 1159 1983 1204 2046; x_wconf 83' lang='lat' dir='ltr'><strong>pe</strong></span> 
     </span>
     <span class='ocr_line' id='line_1_21' title="bbox 210 2049 1204 2134; baseline 0.003 -22"><span class='ocrx_word' id='word_1_144' title='bbox 210 2049 292 2113; x_wconf 88' lang='lat' dir='ltr'><strong>dites</strong></span> <span class='ocrx_word' id='word_1_145' title='bbox 327 2052 360 2112; x_wconf 91' lang='lat' dir='ltr'><strong>et</strong></span> <span class='ocrx_word' id='word_1_146' title='bbox 389 2050 425 2113; x_wconf 95' lang='lat' dir='ltr'><strong>in</strong></span> <span class='ocrx_word' id='word_1_147' title='bbox 450 2051 556 2133; x_wconf 91' lang='lat' dir='ltr'><strong>ipsum</strong></span> <span class='ocrx_word' id='word_1_148' title='bbox 587 2049 707 2114; x_wconf 90' lang='lat' dir='ltr'><strong>Porum</strong></span> <span class='ocrx_word' id='word_1_149' title='bbox 736 2049 804 2114; x_wconf 89' lang='lat' dir='ltr'><strong>tela</strong></span> <span class='ocrx_word' id='word_1_150' title='bbox 836 2053 990 2134; x_wconf 79' lang='lat' dir='ltr'><strong>congesta</strong></span> <span class='ocrx_word' id='word_1_151' title='bbox 1021 2054 1111 2134; x_wconf 88' lang='lat' dir='ltr'><strong>sunt,</strong></span> <span class='ocrx_word' id='word_1_152' title='bbox 1142 2049 1204 2134; x_wconf 81' lang='lat' dir='ltr'><strong>quis</strong></span> 
     </span>
     <span class='ocr_line' id='line_1_22' title="bbox 158 2135 1204 2222; baseline -0.002 -18"><span class='ocrx_word' id='word_1_153' title='bbox 158 2155 191 2204; x_wconf 79' lang='lat' dir='ltr'><strong>eo</strong></span> <span class='ocrx_word' id='word_1_154' title='bbox 209 2135 339 2201; x_wconf 89' lang='lat' dir='ltr'><strong>tandem</strong></span> <span class='ocrx_word' id='word_1_155' title='bbox 361 2141 513 2220; x_wconf 84' lang='lat' dir='ltr'><strong>gravatus</strong></span> <span class='ocrx_word' id='word_1_156' title='bbox 531 2137 599 2202; x_wconf 87' lang='lat' dir='ltr'><strong>labi</strong></span> <span class='ocrx_word' id='word_1_157' title='bbox 618 2159 657 2202; x_wconf 88' lang='lat' dir='ltr'><strong>ex</strong></span> <span class='ocrx_word' id='word_1_158' title='bbox 674 2137 771 2202; x_wconf 87' lang='lat' dir='ltr'><strong>belua</strong></span> <span class='ocrx_word' id='word_1_159' title='bbox 788 2138 901 2221; x_wconf 90' lang='lat' dir='ltr'><strong>coepit.</strong></span> <span class='ocrx_word' id='word_1_160' title='bbox 935 2137 1048 2222; x_wconf 88' lang='lat' dir='ltr'><strong>Indus,</strong></span> <span class='ocrx_word' id='word_1_161' title='bbox 1074 2139 1131 2222; x_wconf 90' lang='lat' dir='ltr'><strong>qui</strong></span> <span class='ocrx_word' id='word_1_162' title='bbox 1153 2138 1204 2202; x_wconf 90' lang='lat' dir='ltr'><strong>ele-</strong></span> 
     </span>
     <span class='ocr_line' id='line_1_23' title="bbox 209 2225 1203 2310; baseline 0.001 -22"><span class='ocrx_word' id='word_1_163' title='bbox 209 2225 369 2310; x_wconf 88' lang='lat' dir='ltr'><strong>phantum</strong></span> <span class='ocrx_word' id='word_1_164' title='bbox 394 2225 540 2310; x_wconf 82' lang='lat' dir='ltr'><strong>regebat,</strong></span> <span class='ocrx_word' id='word_1_165' title='bbox 568 2225 759 2291; x_wconf 81' lang='lat' dir='ltr'><strong>descendere</strong></span> <span class='ocrx_word' id='word_1_166' title='bbox 786 2245 858 2290; x_wconf 88' lang='lat' dir='ltr'><strong>eum</strong></span> <span class='ocrx_word' id='word_1_167' title='bbox 885 2228 974 2291; x_wconf 89' lang='lat' dir='ltr'><strong>ratus</strong></span> <span class='ocrx_word' id='word_1_168' title='bbox 1002 2247 1092 2291; x_wconf 90' lang='lat' dir='ltr'><strong>more</strong></span> <span class='ocrx_word' id='word_1_169' title='bbox 1117 2227 1203 2292; x_wconf 81' lang='lat' dir='ltr'><strong>solito</strong></span> 
     </span>
     <span class='ocr_line' id='line_1_24' title="bbox 210 2313 1203 2398; baseline 0 -20"><span class='ocrx_word' id='word_1_170' title='bbox 210 2313 418 2397; x_wconf 87' lang='lat' dir='ltr'><strong>elephantum</strong></span> <span class='ocrx_word' id='word_1_171' title='bbox 430 2314 637 2398; x_wconf 86' lang='lat' dir='ltr'><strong>procumbere</strong></span> <span class='ocrx_word' id='word_1_172' title='bbox 653 2314 750 2379; x_wconf 86' lang='lat' dir='ltr'><strong>iussit</strong></span> <span class='ocrx_word' id='word_1_173' title='bbox 766 2313 801 2378; x_wconf 90' lang='lat' dir='ltr'><strong>in</strong></span> <span class='ocrx_word' id='word_1_174' title='bbox 820 2333 938 2396; x_wconf 82' lang='lat' dir='ltr'><strong>genua:</strong></span> <span class='ocrx_word' id='word_1_175' title='bbox 956 2314 1013 2397; x_wconf 93' lang='lat' dir='ltr'><strong>qui</strong></span> <span class='ocrx_word' id='word_1_176' title='bbox 1030 2318 1068 2380; x_wconf 93' lang='lat' dir='ltr'><strong>ut</strong></span> <span class='ocrx_word' id='word_1_177' title='bbox 1085 2336 1122 2380; x_wconf 90' lang='lat' dir='ltr'><strong>se</strong></span> <span class='ocrx_word' id='word_1_178' title='bbox 1140 2313 1203 2380; x_wconf 87' lang='lat' dir='ltr'><strong>sub·</strong></span> 
     </span>
     <span class='ocr_line' id='line_1_25' title="bbox 209 2399 1204 2486; baseline 0.001 -19"><span class='ocrx_word' id='word_1_179' title='bbox 209 2402 312 2486; x_wconf 89' lang='lat' dir='ltr'><strong>misit,</strong></span> <span class='ocrx_word' id='word_1_180' title='bbox 344 2403 441 2468; x_wconf 88' lang='lat' dir='ltr'><strong>ceteri</strong></span> <span class='ocrx_word' id='word_1_181' title='bbox 468 2423 595 2486; x_wconf 90' lang='lat' dir='ltr'><strong>quoque</strong></span> <span class='ocrx_word' id='word_1_182' title='bbox 624 2438 661 2448; x_wconf 97' lang='lat'>—</span> <span class='ocrx_word' id='word_1_183' title='bbox 690 2402 739 2466; x_wconf 85' lang='lat' dir='ltr'><strong>ita</strong></span> <span class='ocrx_word' id='word_1_184' title='bbox 766 2402 852 2466; x_wconf 92' lang='lat' dir='ltr'><strong>enim</strong></span> <span class='ocrx_word' id='word_1_185' title='bbox 879 2403 1023 2467; x_wconf 89' lang='lat' dir='ltr'><strong>instituti</strong></span> <span class='ocrx_word' id='word_1_186' title='bbox 1049 2399 1144 2469; x_wconf 86' lang='lat' dir='ltr'><strong>erant</strong></span> <span class='ocrx_word' id='word_1_187' title='bbox 1168 2435 1204 2449; x_wconf 89' lang='lat'>-</span> 
     </span>
     <span class='ocr_line' id='line_1_26' title="bbox 209 2489 1204 2574; baseline -0.004 -18"><span class='ocrx_word' id='word_1_188' title='bbox 209 2491 364 2556; x_wconf 87' lang='lat' dir='ltr'><strong>demisere</strong></span> <span class='ocrx_word' id='word_1_189' title='bbox 396 2512 531 2574; x_wconf 88' lang='lat' dir='ltr'><strong>corpora</strong></span> <span class='ocrx_word' id='word_1_190' title='bbox 562 2491 596 2554; x_wconf 91' lang='lat' dir='ltr'><strong>in</strong></span> <span class='ocrx_word' id='word_1_191' title='bbox 626 2495 755 2554; x_wconf 85' lang='lat' dir='ltr'><strong>terram.</strong></span> <span class='ocrx_word' id='word_1_192' title='bbox 803 2489 853 2554; x_wconf 80' lang='lat' dir='ltr'><strong>lla</strong></span> <span class='ocrx_word' id='word_1_193' title='bbox 884 2511 936 2554; x_wconf 86' lang='lat' dir='ltr'><strong>res</strong></span> <span class='ocrx_word' id='word_1_194' title='bbox 967 2493 1002 2554; x_wconf 90' lang='lat' dir='ltr'><strong>et</strong></span> <span class='ocrx_word' id='word_1_195' title='bbox 1027 2491 1148 2557; x_wconf 92' lang='lat' dir='ltr'><strong>Porum</strong></span> <span class='ocrx_word' id='word_1_196' title='bbox 1177 2492 1204 2554; x_wconf 88' lang='lat' dir='ltr'><strong>et</strong></span> 
     </span>
     <span class='ocr_line' id='line_1_27' title="bbox 157 2569 1240 2662; baseline -0.01 -14"><span class='ocrx_word' id='word_1_197' title='bbox 157 2598 192 2648; x_wconf 72' lang='grc' dir='ltr'><strong>ιο</strong></span> <span class='ocrx_word' id='word_1_198' title='bbox 210 2584 331 2646; x_wconf 88' lang='lat' dir='ltr'><strong>ceteros</strong></span> <span class='ocrx_word' id='word_1_199' title='bbox 355 2580 531 2645; x_wconf 84' lang='lat' dir='ltr'><strong>victoribus</strong></span> <span class='ocrx_word' id='word_1_200' title='bbox 553 2578 695 2644; x_wconf 84' lang='lat' dir='ltr'><strong>tradidit</strong></span> <span class='ocrx_word' id='word_1_201' title='bbox 738 2577 808 2642; x_wconf 86' lang='lat' dir='ltr'><strong>Rex</strong></span> <span class='ocrx_word' id='word_1_202' title='bbox 831 2577 965 2662; x_wconf 88' lang='lat' dir='ltr'><strong>spoliari</strong></span> <span class='ocrx_word' id='word_1_203' title='bbox 987 2599 1104 2662; x_wconf 89' lang='lat' dir='ltr'><strong>corpus</strong></span> <span class='ocrx_word' id='word_1_204' title='bbox 1126 2569 1240 2658; x_wconf 82' lang='lat' dir='ltr'><strong>Pori,5l</strong></span> 
     </span>
     <span class='ocr_line' id='line_1_28' title="bbox 208 2665 1204 2752; baseline -0.005 -19"><span class='ocrx_word' id='word_1_205' title='bbox 208 2669 437 2752; x_wconf 88' lang='lat' dir='ltr'><strong>interemptum</strong></span> <span class='ocrx_word' id='word_1_206' title='bbox 464 2690 533 2733; x_wconf 89' lang='lat' dir='ltr'><strong>esse</strong></span> <span class='ocrx_word' id='word_1_207' title='bbox 560 2666 705 2750; x_wconf 87' lang='lat' dir='ltr'><strong>credens,</strong></span> <span class='ocrx_word' id='word_1_208' title='bbox 734 2665 825 2731; x_wconf 93' lang='lat' dir='ltr'><strong>iubet</strong></span> <span class='ocrx_word' id='word_1_209' title='bbox 850 2668 897 2745; x_wconf 91' lang='lat' dir='ltr'><strong>et,</strong></span> <span class='ocrx_word' id='word_1_210' title='bbox 924 2665 980 2750; x_wconf 95' lang='lat' dir='ltr'><strong>qui</strong></span> <span class='ocrx_word' id='word_1_211' title='bbox 1006 2665 1204 2732; x_wconf 85' lang='lat' dir='ltr'><strong>detraherent</strong></span> 
     </span>
     <span class='ocr_line' id='line_1_29' title="bbox 209 2754 1204 2841; baseline 0 -22"><span class='ocrx_word' id='word_1_212' title='bbox 209 2755 343 2820; x_wconf 88' lang='lat' dir='ltr'><strong>loricam</strong></span> <span class='ocrx_word' id='word_1_213' title='bbox 368 2761 569 2841; x_wconf 86' lang='lat' dir='ltr'><strong>vestemque,</strong></span> <span class='ocrx_word' id='word_1_214' title='bbox 595 2774 795 2820; x_wconf 87' lang='lat' dir='ltr'><strong>concurrere:</strong></span> <span class='ocrx_word' id='word_1_215' title='bbox 825 2774 898 2818; x_wconf 90' lang='lat' dir='ltr'><strong>cum</strong></span> <span class='ocrx_word' id='word_1_216' title='bbox 924 2754 1020 2819; x_wconf 85' lang='lat' dir='ltr'><strong>belna</strong></span> <span class='ocrx_word' id='word_1_217' title='bbox 1047 2755 1204 2821; x_wconf 91' lang='lat' dir='ltr'><strong>dominum</strong></span> 
     </span>
     <span class='ocr_line' id='line_1_30' title="bbox 209 2842 1203 2928; baseline -0.002 -20"><span class='ocrx_word' id='word_1_218' title='bbox 209 2843 293 2908; x_wconf 91' lang='lat' dir='ltr'><strong>tueri</strong></span> <span class='ocrx_word' id='word_1_219' title='bbox 316 2847 349 2909; x_wconf 93' lang='lat' dir='ltr'><strong>et</strong></span> <span class='ocrx_word' id='word_1_220' title='bbox 370 2845 545 2928; x_wconf 87' lang='lat' dir='ltr'><strong>spoliantes</strong></span> <span class='ocrx_word' id='word_1_221' title='bbox 568 2842 674 2927; x_wconf 89' lang='lat' dir='ltr'><strong>coepit</strong></span> <span class='ocrx_word' id='word_1_222' title='bbox 696 2843 847 2926; x_wconf 88' lang='lat' dir='ltr'><strong>adpetere</strong></span> <span class='ocrx_word' id='word_1_223' title='bbox 868 2844 1074 2927; x_wconf 86' lang='lat' dir='ltr'><strong>levatumque</strong></span> <span class='ocrx_word' id='word_1_224' title='bbox 1096 2862 1203 2927; x_wconf 87' lang='lat' dir='ltr'><strong>corpus</strong></span> 
     </span>
     <span class='ocr_line' id='line_1_31' title="bbox 210 2929 1203 3015; baseline -0.005 -18"><span class='ocrx_word' id='word_1_225' title='bbox 210 2932 277 2997; x_wconf 89' lang='lat' dir='ltr'><strong>eius</strong></span> <span class='ocrx_word' id='word_1_226' title='bbox 304 2953 415 2997; x_wconf 88' lang='lat' dir='ltr'><strong>rursus</strong></span> <span class='ocrx_word' id='word_1_227' title='bbox 441 2933 537 2998; x_wconf 88' lang='lat' dir='ltr'><strong>dorso</strong></span> <span class='ocrx_word' id='word_1_228' title='bbox 564 2953 623 2996; x_wconf 93' lang='lat' dir='ltr'><strong>sno</strong></span> <span class='ocrx_word' id='word_1_229' title='bbox 648 2932 810 3014; x_wconf 89' lang='lat' dir='ltr'><strong>inponere.</strong></span> <span class='ocrx_word' id='word_1_230' title='bbox 858 2929 948 3015; x_wconf 80' lang='lat' dir='ltr'><strong>Ergo</strong></span> <span class='ocrx_word' id='word_1_231' title='bbox 970 2932 1045 2996; x_wconf 89' lang='lat' dir='ltr'><strong>telis</strong></span> <span class='ocrx_word' id='word_1_232' title='bbox 1072 2931 1203 3014; x_wconf 88' lang='lat' dir='ltr'><strong>undique</strong></span> 
     </span>
     <span class='ocr_line' id='line_1_32' title="bbox 210 3017 1203 3105; baseline -0.007 -19"><span class='ocrx_word' id='word_1_233' title='bbox 210 3021 358 3086; x_wconf 88' lang='lat' dir='ltr'><strong>obruitur</strong></span> <span class='ocrx_word' id='word_1_234' title='bbox 380 3019 591 3105; x_wconf 87' lang='lat' dir='ltr'><strong>confossoque</strong></span> <span class='ocrx_word' id='word_1_235' title='bbox 609 3041 647 3085; x_wconf 94' lang='lat' dir='ltr'><strong>eo</strong></span> <span class='ocrx_word' id='word_1_236' title='bbox 668 3021 703 3083; x_wconf 94' lang='lat' dir='ltr'><strong>iu</strong></span> <span class='ocrx_word' id='word_1_237' title='bbox 720 3017 903 3084; x_wconf 86' lang='lat' dir='ltr'><strong>vehiculum</strong></span> <span class='ocrx_word' id='word_1_238' title='bbox 918 3017 1020 3084; x_wconf 89' lang='lat' dir='ltr'><strong>Porus</strong></span> <span class='ocrx_word' id='word_1_239' title='bbox 1038 3019 1203 3103; x_wconf 89' lang='lat' dir='ltr'><strong>inponitur.</strong></span> 
     </span>
     <span class='ocr_line' id='line_1_33' title="bbox 157 3103 1203 3193; baseline -0.008 -17"><span class='ocrx_word' id='word_1_240' title='bbox 157 3127 191 3176; x_wconf 78' lang='lat'><strong>41</strong></span> <span class='ocrx_word' id='word_1_241' title='bbox 212 3109 312 3186; x_wconf 87' lang='lat' dir='ltr'><strong>Quem</strong></span> <span class='ocrx_word' id='word_1_242' title='bbox 338 3129 395 3173; x_wconf 85' lang='lat' dir='ltr'><strong>rex</strong></span> <span class='ocrx_word' id='word_1_243' title='bbox 416 3111 454 3172; x_wconf 93' lang='lat' dir='ltr'><strong>ut</strong></span> <span class='ocrx_word' id='word_1_244' title='bbox 475 3108 557 3173; x_wconf 85' lang='lat' dir='ltr'><strong>vidit</strong></span> <span class='ocrx_word' id='word_1_245' title='bbox 579 3108 781 3174; x_wconf 86' lang='lat' dir='ltr'><strong>adlevantem</strong></span> <span class='ocrx_word' id='word_1_246' title='bbox 807 3107 932 3188; x_wconf 89' lang='lat' dir='ltr'><strong>oculos,</strong></span> <span class='ocrx_word' id='word_1_247' title='bbox 957 3127 1024 3172; x_wconf 90' lang='lat' dir='ltr'><strong>non</strong></span> <span class='ocrx_word' id='word_1_248' title='bbox 1046 3108 1133 3193; x_wconf 88' lang='lat' dir='ltr'><strong>odio,</strong></span> <span class='ocrx_word' id='word_1_249' title='bbox 1154 3103 1203 3170; x_wconf 81' lang='lat' dir='ltr'><strong>sed</strong></span> 
     </span>
     <span class='ocr_line' id='line_1_34' title="bbox 210 3193 1202 3281; baseline -0.004 -21"><span class='ocrx_word' id='word_1_250' title='bbox 210 3197 417 3262; x_wconf 89' lang='lat' dir='ltr'><strong>miseratione</strong></span> <span class='ocrx_word' id='word_1_251' title='bbox 439 3200 633 3281; x_wconf 90' lang='lat' dir='ltr'><strong>commotus,</strong></span> <span class='ocrx_word' id='word_1_252' title='bbox 656 3194 770 3280; x_wconf 77' lang='lat' dir='ltr'><strong>‘Quae,</strong></span> <span class='ocrx_word' id='word_1_253' title='bbox 791 3193 933 3278; x_wconf 84' lang='lat' dir='ltr'><strong>malum’,</strong></span> <span class='ocrx_word' id='word_1_254' title='bbox 954 3194 1074 3280; x_wconf 90' lang='lat' dir='ltr'><strong>iuquit,</strong></span> <span class='ocrx_word' id='word_1_255' title='bbox 1092 3194 1202 3260; x_wconf 76' lang='lat' dir='ltr'><strong>‘amen-</strong></span> 
     </span>
     <span class='ocr_line' id='line_1_35' title="bbox 210 3281 1201 3371; baseline -0.003 -23"><span class='ocrx_word' id='word_1_256' title='bbox 210 3284 259 3349; x_wconf 86' lang='lat' dir='ltr'><strong>tia</strong></span> <span class='ocrx_word' id='word_1_257' title='bbox 283 3289 318 3350; x_wconf 92' lang='lat' dir='ltr'><strong>te</strong></span> <span class='ocrx_word' id='word_1_258' title='bbox 345 3285 452 3371; x_wconf 85' lang='lat' dir='ltr'><strong>coegit</strong></span> <span class='ocrx_word' id='word_1_259' title='bbox 478 3305 585 3350; x_wconf 89' lang='lat' dir='ltr'><strong>rerum</strong></span> <span class='ocrx_word' id='word_1_260' title='bbox 607 3305 751 3350; x_wconf 88' lang='lat' dir='ltr'><strong>mearum</strong></span> <span class='ocrx_word' id='word_1_261' title='bbox 774 3283 904 3368; x_wconf 87' lang='lat' dir='ltr'><strong>cognita</strong></span> <span class='ocrx_word' id='word_1_262' title='bbox 925 3282 1014 3348; x_wconf 81' lang='lat' dir='ltr'><strong>fama</strong></span> <span class='ocrx_word' id='word_1_263' title='bbox 1042 3283 1120 3349; x_wconf 87' lang='lat' dir='ltr'><strong>belli</strong></span> <span class='ocrx_word' id='word_1_264' title='bbox 1144 3281 1201 3347; x_wconf 88' lang='lat' dir='ltr'><strong>for·</strong></span> 
     </span>
     <span class='ocr_line' id='line_1_36' title="bbox 209 3371 1202 3458; baseline -0.006 -20"><span class='ocrx_word' id='word_1_265' title='bbox 209 3378 321 3439; x_wconf 87' lang='lat' dir='ltr'><strong>tunam</strong></span> <span class='ocrx_word' id='word_1_266' title='bbox 344 3373 496 3458; x_wconf 91' lang='lat' dir='ltr'><strong>experiri,</strong></span> <span class='ocrx_word' id='word_1_267' title='bbox 519 3394 591 3438; x_wconf 89' lang='lat' dir='ltr'><strong>cnm</strong></span> <span class='ocrx_word' id='word_1_268' title='bbox 613 3373 735 3438; x_wconf 84' lang='lat' dir='ltr'><strong>Taxilis</strong></span> <span class='ocrx_word' id='word_1_269' title='bbox 758 3375 843 3437; x_wconf 84' lang='lat' dir='ltr'><strong>esset</strong></span> <span class='ocrx_word' id='word_1_270' title='bbox 869 3371 905 3436; x_wconf 92' lang='lat' dir='ltr'><strong>in</strong></span> <span class='ocrx_word' id='word_1_271' title='bbox 927 3371 1053 3438; x_wconf 88' lang='lat' dir='ltr'><strong>deditos</strong></span> <span class='ocrx_word' id='word_1_272' title='bbox 1074 3372 1202 3438; x_wconf 86' lang='lat' dir='ltr'><strong>clemon-</strong></span> 
     </span>
     <span class='ocr_line' id='line_1_37' title="bbox 156 3456 1202 3545; baseline -0.008 -17"><span class='ocrx_word' id='word_1_273' title='bbox 156 3463 275 3530; x_wconf 75' lang='lat' dir='ltr'><strong>cutiae</strong></span> <span class='ocrx_word' id='word_1_274' title='bbox 296 3483 387 3527; x_wconf 89' lang='lat' dir='ltr'><strong>meae</strong></span> <span class='ocrx_word' id='word_1_275' title='bbox 409 3466 477 3527; x_wconf 89' lang='lat' dir='ltr'><strong>tam</strong></span> <span class='ocrx_word' id='word_1_276' title='bbox 500 3462 716 3545; x_wconf 89' lang='lat' dir='ltr'><strong>propinquum</strong></span> <span class='ocrx_word' id='word_1_277' title='bbox 737 3461 800 3525; x_wconf 92' lang='lat' dir='ltr'><strong>tibi</strong></span> <span class='ocrx_word' id='word_1_278' title='bbox 821 3458 1040 3543; x_wconf 54' lang='lat' dir='ltr'><strong>exemplum?</strong></span> <span class='ocrx_word' id='word_1_279' title='bbox 1082 3458 1128 3524; x_wconf 79' lang='lat' dir='ltr'><strong>At</strong></span> <span class='ocrx_word' id='word_1_280' title='bbox 1144 3456 1202 3536; x_wconf 87' lang='lat' dir='ltr'><strong>illc,</strong></span> 
     </span>
     <span class='ocr_line' id='line_1_38' title="bbox 210 3545 1202 3633; baseline -0.007 -19"><span class='ocrx_word' id='word_1_281' title='bbox 210 3548 411 3633; x_wconf 75' lang='lat' dir='ltr'><strong>‘Quoniam&#39;,</strong></span> <span class='ocrx_word' id='word_1_282' title='bbox 436 3549 553 3632; x_wconf 88' lang='lat' dir='ltr'><strong>inquit,</strong></span> <span class='ocrx_word' id='word_1_283' title='bbox 581 3547 807 3633; x_wconf 54' lang='lat' dir='ltr'><strong>‘perconteris</strong></span> <span class='ocrx_word' id='word_1_284' title='bbox 834 3547 1032 3632; x_wconf 89' lang='lat' dir='ltr'><strong>respondebo</strong></span> <span class='ocrx_word' id='word_1_285' title='bbox 1054 3569 1093 3613; x_wconf 88' lang='lat' dir='ltr'><strong>ea</strong></span> <span class='ocrx_word' id='word_1_286' title='bbox 1114 3545 1202 3610; x_wconf 88' lang='lat' dir='ltr'><strong>liber·</strong></span> 
     </span>
    </p>
   </div>
   <div class='ocr_carea' id='block_1_3' title="bbox 0 0 1309 4096">
    <p class='ocr_par' dir='ltr' id='par_1_3' title="bbox 0 0 1309 4096">
     <span class='ocr_line' id='line_1_39' title="bbox 0 0 1309 4096; baseline 0 0"><span class='ocrx_word' id='word_1_287' title='bbox 0 0 1309 4096; x_wconf 95' lang='lat' dir='ltr'><strong> </strong></span> 
     </span>
    </p>
   </div>
  </div>
 </body>
</html>
