2552 4108
220 229 260 293 16
587 228 618 293 Q.
639 227 748 283 GURTI
765 225 852 282 RUFI

217 373 390 440 adventare
417 395 451 438 se
479 374 628 456 senserit,
660 374 788 437 cautum
813 392 872 455 pro
894 369 1070 435 temerario
1103 370 1227 446 factum,

217 461 379 528 delituisse
406 462 489 526 inter
515 462 680 546 angustias
708 462 809 524 saltus
836 460 900 523 ritu
926 459 1135 543 ignobilium
1159 459 1229 522 fera·

216 571 301 630 rum,
338 571 419 636 quae
451 550 587 633 strepitu
618 548 889 634 praetereuntium
924 546 1033 612 audito
1077 549 1229 612 silvarum

164 659 196 708 11
215 639 347 704 latebris
376 659 409 701 se
437 639 624 702 occulerent
668 637 738 702 Iam
765 637 862 701 etiam
884 635 1074 701 valitudinis
1103 636 1230 699 simula-

216 728 304 792 tione
330 724 480 790 frustrari
512 748 587 791 suos
610 726 736 790 milites.
781 721 844 788 Sed
864 745 930 790 non
953 725 1103 807 amplius
1131 725 1231 807 ipsun

216 835 285 878 esse
311 834 482 896 passurum
504 813 679 879 detrectare
701 815 877 879 certamen:
908 811 944 877 in
964 811 1021 877 illo
1045 833 1175 896 specu,
1205 811 1231 874 iu

216 922 311 984 quem
336 901 445 983 pavidi
472 903 691 987 recessissent,
722 922 947 984 oppressurum
973 921 1043 964 esse
1074 904 1231 966 cunctan-

163 1009 196 1058 12
214 991 273 1052 tes.
318 988 407 1054 Haec
434 991 688 1075 magnificentius
715 989 834 1054 iactata
861 1010 956 1072 quam
978 989 1103 1054 verius,
1147 983 1257 1054 Cetell

214 1097 286 1140 rum
308 1078 445 1161 pecunia
467 1079 555 1143 omni
575 1099 741 1161 rerumque
763 1076 1005 1160 pretiosissimis
1023 1075 1230 1142 Damascum

215 1161 327 1247 Syriae
350 1186 422 1229 cum
444 1168 569 1232 modico
591 1167 751 1250 praesidio
774 1166 912 1229 militum
934 1165 1055 1248 missis,
1082 1167 1230 1250 reliquas

214 1253 323 1334 copias
354 1254 390 1317 in
417 1252 561 1319 Ciliciam
589 1255 691 1339 duxit,
719 1253 959 1337 insequentibus
991 1275 1083 1318 more
1120 1252 1228 1338 patrio

213 1360 331 1492 {gimen
353 1343 549 1496 copiggetac
567 1347 678 1494 matre.
713 1341 864 1427 Virgines
884 1362 1008 1425 quoque
1027 1363 1104 1406 cum
1125 1361 1227 1427 parvo

262 1450 424 1495 ocomra
448 1453 543 1495 auur
589 1453 699 1495 arem.

161 1535 192 1584 1³
300 1517 396 1583 Forte
420 1519 530 1582 eadem
547 1454 642 1583 nIdcte
660 1522 692 1582 et
705 1517 886 1582 Alexander
900 1518 940 1582 ad
953 1517 1072 1602 fauces,
1097 1518 1219 1604 quibus

214 1603 307 1689 Syria
330 1607 444 1690 aditur,
468 1609 500 1670 et
514 1606 637 1670 Dareus
658 1606 698 1671 ad
712 1629 784 1671 eum
798 1608 913 1692 locum,
936 1628 1030 1690 quem
1043 1605 1224 1672 Amanicas

160 1712 194 1760 14
212 1693 310 1778 Pylas
334 1697 463 1777 vocant,
491 1695 645 1776 pervenit.
688 1692 756 1759 Nec
779 1694 964 1759 dubitavere
986 1693 1123 1780 Persae,
1150 1695 1225 1780 quin

211 1781 282 1848 Isso
305 1783 426 1866 relicta,
449 1804 545 1866 quam
568 1786 727 1868 ceperant,
748 1781 940 1847 Macedones
958 1782 1124 1866 fugerent:
1149 1803 1223 1848 nam

213 1872 309 1934 ctiam
338 1871 436 1936 saucii
463 1871 592 1956 quidam
620 1874 653 1936 et
674 1871 817 1955 invalidi,
844 1871 898 1955 qui
921 1891 1038 1955 agmen
1059 1893 1130 1936 non
1154 1894 1220 1955 po·

160 1977 193 2024 15
211 1962 317 2022 terant
331 1960 492 2043 persequi,
524 1959 648 2043 excepti
676 1962 776 2023 erant.
822 1957 908 2034 Quos
936 1959 1039 2023 omnis
1062 1959 1223 2024 instinctu

211 2049 460 2125 purpuratorum
492 2049 630 2113 barbara
663 2048 790 2111 feritate
824 2047 1032 2112 saevientium
1062 2048 1220 2130 praecisis

212 2130 397 2213 adustisque
420 2135 568 2196 manibus
592 2136 791 2216 circumduci,
816 2140 853 2199 ut
875 2135 983 2218 copias
1008 2156 1082 2199 suas
1105 2157 1220 2201 nosce·

211 2221 296 2302 rent,
320 2219 462 2302 satisque
486 2222 633 2286 omnibus
658 2223 810 2304 spectatis
832 2224 994 2308 nuntiare,
1017 2245 1098 2306 quae
1120 2225 1220 2288 vidis·

159 2327 192 2376 16
212 2309 296 2390 sent,
325 2307 394 2390 regi
418 2329 476 2372 suo
499 2309 603 2372 iussit.
647 2309 747 2376 Motis
771 2332 847 2396 ergo
871 2312 986 2376 castris
1010 2315 1147 2394 superat
1171 2311 1220 2377 Pi·

209 2414 324 2457 narum
347 2416 483 2479 amnem,
505 2396 539 2460 in
561 2398 670 2484 tergis,
692 2403 729 2462 ut
752 2400 909 2483 credebat,
931 2398 1122 2483 fugientium
1142 2400 1218 2466 hae·

210 2505 312 2548 surus.
348 2483 468 2568 Atilii,
492 2507 627 2568 quorum
647 2491 869 2570 amputaverat
892 2509 1021 2572 manus,
1044 2487 1085 2550 ad
1107 2483 1249 2553 castrall

208 2570 419 2638 Macedonum
442 2577 621 2658 penetrant,
642 2574 792 2659 Dareum,
815 2578 935 2659 quanto
959 2576 1098 2641 maximo
1120 2599 1218 2642 cursu

157 2679 189 2727 17
209 2666 329 2744 posset,
352 2661 442 2745 sequi
463 2663 659 2729 nuntiantes.
695 2663 760 2728 Vix
782 2664 860 2728 fides
878 2664 1067 2728 habebatur.
1103 2663 1218 2749 Itaque

210 2750 426 2829 speculatores
453 2753 488 2816 iu
516 2751 693 2816 maritimas
720 2753 866 2836 regiones
890 2752 1084 2834 praemissos
1108 2756 1218 2836 explo-

210 2856 282 2897 rare
309 2857 363 2900 res
392 2838 493 2921 iubet,
516 2840 584 2922 ipse
609 2840 748 2924 adesset,
776 2862 819 2904 an
840 2840 1076 2924 praefectorum
1099 2841 1216 2924 aliquis

73 2935 77 2946 '
157 2943 189 2992 18
210 2923 349 3006 speciem
373 2928 574 3006 praebuisset
596 2929 737 2993 universi
759 2928 917 2992 venientis
940 2929 1107 2993 exercitus.
1153 2927 1217 2994 Sed

208 3032 280 3074 cum
309 3013 525 3094 speculatores
552 3019 800 3100 reverterentur,
831 3017 943 3100 procul
971 3017 1085 3102 ingens
1108 3019 1215 3082 multi·

206 3097 284 3163 tudo
308 3103 480 3182 conspecta
503 3107 560 3166 est.
600 3104 696 3189 Ignes
720 3105 830 3170 deinde
853 3106 933 3169 totis
962 3107 1082 3188 campis
1106 3107 1214 3172 conlu-

207 3207 278 3250 cere
301 3192 475 3271 coeperunt
498 3192 666 3276 omniaque
689 3194 776 3257 velut
799 3193 976 3258 continenti
998 3194 1144 3259 incendio
1163 3217 1212 3259 ar·

207 3273 280 3338 dere
308 3277 390 3360 visa,
423 3299 495 3340 cum
523 3278 686 3346 incondita
713 3281 886 3346 multitudo
914 3282 1052 3346 maxime
1079 3286 1211 3366 propter

155 3382 187 3431 rs
206 3362 350 3428 iumenta
380 3365 483 3429 laxius
510 3367 663 3431 tenderet.
707 3368 819 3454 Itaque
849 3391 886 3434 eo
908 3371 980 3454 ipso
1004 3370 1075 3435 loco
1099 3372 1210 3435 metari

207 3472 282 3515 suos
318 3456 425 3517 castra
459 3454 612 3540 iusserat,
648 3455 765 3542 laetus,
802 3458 887 3542 quod
919 3459 1006 3522 omni
1035 3460 1209 3542 expetierat

213 3542 303 3622 voto,
334 3541 454 3606 inillis
478 3543 682 3624 potissimum
705 3548 861 3629 angustiis
885 3546 1114 3611 decernendum
1136 3547 1208 3613 foro.

152 3645 187 3694 ao
206 3624 365 3712 Ceterum,
388 3633 425 3692 ut
447 3632 529 3693 solet
551 3631 630 3716 fieri,
654 3653 725 3694 oum
747 3633 853 3696 ultimi
873 3633 1065 3698 discriminis
1083 3638 1205 3721 tempus
