2582 4098
277 197 530 254 HISTORIARUM
548 198 762 254 ALEXANDRI
780 199 832 270 IV,
853 205 894 255 14.
1046 199 1086 264 71

62 363 152 407 rum
186 341 247 406 fuit
276 343 429 428 partium,
452 345 649 428 exercitum,
685 365 780 429 quem
810 364 911 429 paene
942 346 1089 410 inmensa

64 430 233 516 planities
251 432 304 495 vir
322 435 456 515 caperet,
479 433 664 516 conparavi:
688 439 805 516 equos,
818 453 907 497 arma
925 431 1087 498 distribui:

65 522 281 585 commeatus
316 540 357 583 ne
389 523 497 584 tantae
528 520 726 585 multitudini
757 520 915 604 deessent,
951 521 1087 604 providi:

66 609 202 690 locum,
224 607 259 671 in
282 628 344 691 quo
368 609 451 673 acies
474 609 624 692 explicari
645 611 767 693 posset,
790 609 879 694 elegi
918 606 1031 674 Cetera
1053 609 1140 679 inre

67 699 191 760 vestra
212 699 371 778 potestate
394 699 483 761 sunt:
506 697 619 761 audete
641 697 736 762 modo
753 697 880 762 vincere
897 697 1088 782 famamque,

68 783 335 848 infirmissimum
358 784 508 849 adversus
530 785 629 849 fortes
652 786 737 850 viros
754 785 863 868 telum,
885 786 1087 851 contemnite.

4 869 259 936 54'l'emeritas
283 876 340 955 est,
362 894 458 956 quam
481 873 584 937 adhuc
606 895 664 956 pro
682 873 799 938 virtute
817 873 983 938 timuistis:
1007 895 1087 958 quae

71 960 138 1025 ubi
161 959 300 1044 primum
322 960 476 1044 impetum
499 961 621 1045 effudit,
648 961 735 1026 velut
758 961 913 1044 quaedam
936 961 1088 1026 animalia

73 1048 201 1113 emisso
233 1049 355 1132 aculeo,
390 1051 505 1133 torpet.
549 1048 593 1114 Hi
622 1070 696 1114 vero
723 1049 828 1133 campi
854 1049 1087 1133 deprehendere
1108 1071 1141 1120 11

73 1136 291 1221 paucitatem,
318 1159 415 1220 quam
437 1135 566 1202 Ciliciae
593 1140 719 1202 montes
746 1136 988 1202 absconderant
1032 1137 1088 1204 Vi·

74 1224 167 1288 detis
199 1224 325 1289 ordines
356 1246 458 1307 raros,
494 1247 613 1290 cornua
644 1227 786 1308 extenta,
820 1224 958 1289 mediam
987 1227 1088 1291 aciem

75 1334 214 1396 vanam,
237 1313 439 1378 exhaustam:
470 1336 546 1378 nam
567 1313 687 1397 ultimi,
710 1333 790 1396 quos
812 1313 929 1377 locavit
951 1335 1088 1398 aversos,

75 1403 177 1501 terga
197 1400 263 1466 iam
284 1401 446 1502 praebent
491 1401 616 1503 theri,
638 1400 832 1485 mehercule,
854 1421 1007 1485 equonrm
1029 1424 1088 1466 un·

77 1489 627 1663 surseutsurssrl:
649 1488 1089 1661 :thalestris
1108 1599 1141 1648 1,

78 1687 125 1728 ne
152 1665 216 1729 illis
244 1664 372 1749 quidem
394 1665 435 1730 ad
456 1666 567 1751 fugam
590 1667 678 1730 locus
701 1667 763 1730 est:
799 1665 875 1730 hinc
897 1664 1089 1750 Euphrates,

79 1753 174 1817 illinc
205 1753 310 1838 Tigris
342 1754 492 1837 prohibet
521 1754 671 1818 inclusos.
725 1751 770 1817 Et
801 1774 881 1836 quae
908 1755 1003 1817 antea
1029 1776 1087 1837 pro
1109 1777 1140 1824 ro

85 1841 153 1905 illis
177 1845 275 1923 erant,
296 1841 331 1906 in
354 1843 546 1906 contrarium
563 1863 656 1907 versa
673 1845 759 1908 sunt.
795 1840 952 1906 Nostrum
969 1841 1087 1906 mobile

82 1933 118 1993 et
148 1929 328 2013 expeditum
354 1949 471 2013 agmen
497 1932 558 2011 est,
588 1930 668 1993 illud
694 1929 813 2013 praeda
840 1949 944 2014 grave.
988 1929 1088 2013 Inpli-

82 2021 175 2082 catos
202 2037 278 2102 ergo
305 2018 415 2100 spoliis
437 2018 556 2083 nostris
578 2017 821 2100 trucidabimus,
844 2018 1014 2101 eademque
1036 2039 1087 2082 res

83 2109 119 2169 et
137 2126 232 2169 causa
252 2106 313 2169 erit
329 2105 479 2170 victoriae
498 2109 530 2170 et
547 2105 677 2170 fructus.
710 2105 830 2182 Quodsi
849 2127 943 2189 quem
961 2126 978 2169 e
996 2105 1087 2170 vobis
1109 2128 1139 2174 11

83 2214 204 2258 nomen
231 2194 335 2278 gentis
365 2197 486 2276 moret,
518 2193 650 2278 cogitet,
678 2193 889 2259 Macedonum
911 2194 977 2258 illic
999 2216 1090 2259 arma

85 2302 172 2364 esse,
193 2302 259 2346 non
282 2303 423 2365 corpora.
471 2280 609 2346 Multum
632 2283 718 2347 enim
740 2282 930 2366 sanguinem
952 2282 1088 2346 invicem

84 2369 264 2453 hausimus,
295 2372 327 2433 et
352 2391 476 2452 semper
498 2370 625 2454 gravior
646 2371 682 2435 in
703 2369 863 2454 paucitate
885 2370 1008 2434 iactura
1031 2373 1088 2434 est.

86 2455 172 2522 Nam
202 2456 397 2540 Alexander,
433 2461 706 2543 quantuscumque
738 2458 863 2543 ignavis
901 2460 933 2521 et
967 2458 1088 2522 timidis
1110 2478 1141 2527 18

87 2545 186 2609 videri
211 2548 330 2629 potest,
358 2567 459 2610 unum
481 2546 599 2610 animal
621 2551 671 2610 est
693 2549 737 2630 et,
764 2547 792 2610 si
819 2544 895 2629 quid
921 2544 1000 2608 mihi
1023 2565 1087 2608 cre·

87 2633 171 2716 ditis,
191 2634 395 2698 temerarium
413 2636 446 2697 et
463 2655 581 2711 vecors,
598 2634 700 2698 adhuc
717 2636 828 2698 nostro
846 2652 972 2715 pavore,
992 2653 1088 2715 quam

88 2743 147 2787 sua
173 2721 289 2786 virtute
316 2722 447 2786 felicius.
491 2720 582 2786 Nihil
609 2727 716 2786 autem
741 2722 849 2805 potest
876 2740 944 2783 esse
967 2719 1141 2790 diutur-1e

87 2831 177 2892 num,
209 2810 259 2873 cui
284 2831 352 2874 non
379 2810 488 2874 subest
513 2811 605 2874 ratio.
648 2808 739 2873 Licet
763 2808 900 2872 felicitas
927 2806 1088 2891 adspirare

88 2897 244 2981 videahrr,
279 2901 387 2960 tamen
419 2898 459 2962 ad
490 2898 637 2961 ultimum
667 2897 839 2961 temeritati
870 2917 937 2960 non
963 2896 1088 2961 sufficit.

89 2986 255 3050 Praeterea
286 2986 396 3050 breves
430 2988 463 3049 et
493 2985 662 3049 mutabiles
692 2985 775 3049 vices
802 3005 908 3049 rerum
937 2987 1024 3068 sunt,
1056 2987 1090 3048 et

90 3076 216 3138 fortuna
245 3095 421 3158 numquam
448 3069 632 3156 simpliciter
662 3072 816 3158 indulget
867 3071 1017 3137 Forsitan
1042 3072 1089 3137 ita
1108 3094 1142 3142 20

91 3161 135 3227 dii
161 3161 228 3225 fata
257 3161 485 3244 ordinaverint,
522 3164 560 3224 ut
592 3161 760 3225 Persarum
788 3160 971 3244 imperium,
1003 3161 1096 3244 quod·

92 3249 226 3315 secundo
250 3271 344 3314 cursu
366 3271 425 3334 per
444 3266 555 3314 ccxxx
568 3270 670 3313 annos
689 3248 729 3312 ad
747 3271 907 3313 summum
922 3248 1089 3333 fastigium

93 3341 257 3403 evexerant
259 3358 415 3422 ,magno
442 3340 532 3402 motu
558 3339 763 3402 concuterent
789 3336 893 3422 magis
916 3357 1012 3420 quam
1035 3336 1088 3400 ad-

92 3427 234 3528 fligerent
251 3426 525 3508 admonerentque
542 3447 602 3490 nos
616 3424 799 3509 fragilitatis
813 3425 981 3504 humanae,
1000 3425 1088 3489 cuius

92 3515 185 3579 nimia
215 3515 250 3578 in
280 3515 441 3598 prosperis
471 3513 565 3578 rebus
593 3513 710 3578 oblivio
738 3515 795 3577 est.
772 3511 935 3576 tModo
960 3474 1089 3576 (irascis
1107 3531 1140 3598 er

92 3604 170 3668 ultro
187 3603 307 3666 bellum
325 3601 554 3667 inferebamus:
577 3601 715 3666 nuncin
733 3600 862 3666 sedibus
879 3600 997 3664 nostris
1015 3621 1088 3683 pro-
