2602 4094
269 195 522 252 HISTORIABUM
539 197 752 254 ALEXANDRI
770 198 857 271 VIIII,
876 206 900 255 6.
921 206 945 255 ι.
1045 199 1111 267 245

104 341 201 407 hoste
214 340 426 444 interemptos
439 341 662 410 numerabitis.
689 340 748 407 Oet
733 346 847 425 terum,
866 343 1019 427 quoniam
1032 344 1112 410 olim
1130 357 1162 406 re

103 429 151 494 rei
184 429 367 515 agitatae'
356 453 392 495 ιιι
418 431 526 496 animo
554 452 627 497 meo
652 452 737 496 nuno
763 392 958 515 promendae
985 433 1111 499 occasio

104 518 299 585 oblatat
249 522 312 601 est,
348 518 429 584 mihi
464 519 623 584 maximus
658 519 879 585 laborumat
844 523 941 604 atquc
978 541 1113 604 operum

104 628 252 672 meorum
275 569 339 673 erit
358 607 541 692 fructua
515 630 544 672 ιι
562 606 729 692 Olympias
752 613 856 673 mater
873 608 1113 676 immortalitati

104 699 325 781 consecretur,
361 696 550 782 quandoque
587 696 758 762 excesserit
788 696 865 762 vita.
910 694 945 762 si
976 697 1113 782 licuerit,

103 785 175 868 ipse
207 784 380 868 praestabo
411 783 487 850 hoc.
528 784 557 850 si
590 807 642 850 me
674 785 876 869 praeceperit
906 785 1023 872 fatain,
1054 808 1112 852 vos

103 871 277 937 mandasse
307 893 355 938 mc
385 871 600 938 mementote?
649 874 699 938 Ac
728 876 799 938 tum
831 874 960 959 quidem
992 875 1113 941 amiam

104 961 245 1026 dimisit.
267 964 408 1026 ceterum
429 983 488 1046 per
511 961 678 1045 conplures
699 961 767 1027 dies
785 962 882 1027 ibit
851 983 866 1026 s
867 962 972 1029 tativa
989 963 1112 1029 habuit.

526 1118 604 1186 Ora
627 1119 701 1186 VIJ.

55 1227 94 1290 27
195 1224 285 1292 Haec
302 1226 378 1290 dum
396 1226 432 1291 ιιι
448 1226 542 1291 India
560 1229 724 1312 geruntur,
743 1224 856 1292 Graeci
874 1227 996 1293 milites
1012 1250 1115 1313 nuper
1133 1239 1147 1288 1

103 1315 140 1380 in
159 1314 303 1380 colonias
321 1336 342 1379 a
359 1335 435 1400 rege
454 1314 584 1380 deducti
603 1315 688 1380 circa
704 1313 824 1380 Baetra
840 1319 912 1380 orta
926 1316 1011 1381 inter
1024 1317 1113 1402 ipsos

104 1403 266 1468 seditione
283 1402 475 1487 defecerant,
495 1406 647 1469 nontam
664 1402 847 1469 Alexandro
866 1403 994 1486 infensi,
1017 1426 1114 1489 quam

103 1495 197 1556 metu
214 1491 373 1576 supplicii.
412 1489 538 1576 Quippe
556 1491 670 1557 occisis
689 1492 882 1576 quibusdam
899 1492 1114 1577 popularium,
1132 1503 1148 1551 2

104 1581 164 1666 qui
203 1579 376 1645 validiores
419 1585 525 1662 erant,
561 1602 652 1644 arma
691 1584 836 1665 spectare
876 1583 1049 1664 coeperunt
1083 1586 1116 1646 et

103 1667 282 1734 Bactriana
305 1689 387 1752 aree,
409 1691 490 1753 quae
511 1690 588 1733 casu
603 1669 831 1752 neglegentius
850 1669 1018 1734 adservata
1036 1673 1115 1751 erat,

105 1760 265 1840 occupata
295 1755 451 1822 barbaros
484 1777 609 1841 quoque
640 1757 676 1821 in
706 1756 896 1823 societatem
925 1757 1114 1823 defectionis

105 1846 300 1946 inpulerant
344 1845 572 1910 Athenodorus
609 1848 680 1910 erat
713 1845 863 1928 princeps
900 1867 1024 1929 eorum,
1059 1847 1148 1930 quia

106 1933 196 2017 regis
229 1954 355 2018 quoque
386 1954 503 1998 nomen
535 1933 769 2017 adsumpserat,
799 1955 865 1998 non
890 1934 996 1999 tam
978 1935 1115 2036 imperii

107 2021 257 2106 cupidine
288 2043 387 2123 quam
418 2021 451 2086 ιιι
482 2021 623 2106 patriam
657 2026 764 2086 revert
750 2021 841 2087 tendi
871 2043 944 2088 oum
974 2023 1028 2106 iis,
1060 2024 1115 2106 qui

108 2110 371 2176 auctoritatem
361 2109 463 2193 ipsius
486 2110 710 2195 sequebantur.
754 2109 839 2176 Huic
860 2108 917 2176 Bit
902 2115 961 2176 ton
984 2073 1149 2196 qddams

107 2198 251 2264 nationis
279 2196 436 2283 eiusdem,
466 2198 522 2264 sed
544 2199 587 2263 ob
610 2198 858 2264 aemulationem
881 2199 1018 2264 infestus
1041 2221 1115 2265 con-

107 2287 237 2372 paravit
267 2286 402 2352 insidias
433 2287 670 2371 invitatumque
697 2285 739 2351 ad
766 2288 877 2372 epulas
903 2308 962 2371 per
987 2287 1115 2353 Boxum

108 2375 268 2461 quendam
290 2374 494 2459 Margianum
515 2376 550 2440 in
572 2374 719 2442 convivio
743 2376 868 2442 occidit.
907 2375 1042 2442 Postero
1062 2377 1150 2440 dies

109 2463 260 2530 contione
287 2463 444 2528 advocata
466 2463 542 2530 Bito
564 2464 652 2530 ultro
674 2464 862 2530 insidiatum
885 2463 948 2528 sibi
970 2463 1114 2528 Atheno-

109 2552 225 2618 dorum
252 2552 411 2636 plerisque
437 2556 655 2636 persuaserat:
687 2552 743 2617 sed
771 2553 844 2617 aliis
872 2554 1021 2634 suspecta
1046 2555 1116 2616 erat

108 2640 199 2706 fraus
230 2638 358 2705 Bitonis
390 2643 423 2705 et
453 2640 610 2724 paulatim
641 2641 676 2705 in
708 2639 818 2723 plures
849 2638 955 2723 coepit
984 2660 1115 2704 manare

110 2728 259 2813 suspicio.
298 2727 411 2812 Itaque
432 2727 547 2796 Graeci
569 2728 690 2792 milites
713 2749 804 2792 arma
826 2725 958 2810 capiunt
979 2727 1150 2793 occismie

109 2817 274 2901 Bitonem,
297 2817 325 2881 si
347 2816 479 2882 daretur
500 2816 638 2882 occasio:
661 2818 802 2880 ceterum
824 2814 983 2899 principes
1004 2837 1115 2882 eorum

109 2906 193 2970 iram
219 2904 434 2970 multitudinis
462 2904 699 2988 mitigaverunt.
747 2903 879 2968 Praeter
906 2924 997 2988 spem
1024 2913 1150 2969 suamc

109 2993 211 3059 Biton
236 2994 399 3076 praesenti
425 2993 568 3076 periculo
596 2997 725 3076 ereptus
751 2992 848 3075 paulo
875 2995 952 3076 post
972 2996 1017 3058 est
1037 2992 1116 3056 insi-

110 3082 217 3147 diatus
245 3081 432 3146 auctoribus
460 3080 573 3146 salutis
596 3101 687 3145 suae:
719 3081 808 3146 cuius
830 3080 905 3146 dolo
929 3080 1058 3164 cognito
1082 3084 1115 3144 et

109 3171 217 3252 ipsum
249 3169 547 3254 conprehenderunt
574 3172 608 3234 et
632 3167 767 3233 Boxum.
813 3165 963 3234 Ceterum
988 3167 1151 3233 Boxums

109 3258 260 3343 protinus
277 3258 399 3342 placuit
416 3257 563 3341 interfici,
581 3255 732 3322 Bitonem
752 3257 850 3322 etiam
867 3278 925 3341 per
939 3256 1115 3322 cruciatum

109 3347 226 3412 necari
267 3345 400 3430 Iamque
421 3345 547 3429 corpori
569 3349 733 3412 tormenta
754 3344 1022 3428 admovebantur,
1044 3366 1116 3410 cum

110 3433 228 3501 Graeci
256 3469 295 3482 ·-
323 3435 482 3500 incertum
518 3435 560 3498 ob
592 3455 689 3518 quam
720 3454 851 3499 causam
872 3469 916 3480 -
938 3433 1116 3517 lymphatis

110 3523 233 3590 similes
253 3524 293 3589 ad
312 3545 402 3588 arma
420 3522 613 3587 discurrunt
645 3520 787 3598 Quorum
805 3521 937 3586 fremitu
956 3521 1115 3604 exaudito,
1134 3529 1152 3578 a

110 3614 166 3697 qui
193 3615 345 3697 torquere
370 3610 521 3676 Bitonem
543 3609 626 3676 iussi
648 3613 754 3693 erant,
783 3610 917 3675 omisere
940 3609 1048 3688 veriti,
1075 3629 1116 3674 ne
