2552 4108
189 177 233 238 44
561 173 592 241 Q.
612 173 825 230 cotulam

188 318 350 384 tinentes?
381 316 615 383 Senescendum
637 319 706 383 fore
728 321 856 382 tantum
877 322 1036 382 terrarum
1058 319 1111 382 vel
1132 317 1218 383 sine

154 408 311 492 eproelio
336 407 476 473 obeunti.
522 405 561 472 Se
590 429 666 472 vero
694 406 866 491 adipsum
892 428 1005 471 vocare
1029 405 1219 488 desineret,

155 518 327 580 unamque
349 496 435 559 illius
458 495 554 560 exitio
578 517 611 560 se
632 517 701 560 esse
719 493 910 560 venturum?
946 493 1137 559 Alexander
1156 497 1217 579 iis,

190 586 245 669 qui
271 586 394 648 litteras
422 585 610 668 attulerant,
638 584 816 668 respondit,
840 582 982 647 Dareum
1004 583 1067 647 sibi
1090 584 1216 648 aliena

189 673 375 757 promittere
397 675 438 754 et,
460 672 546 756 quod
563 675 668 736 totum
687 672 838 756 amiserit,
860 673 941 737 velle
959 671 1082 755 partiri.
1121 672 1215 737 Doti

190 761 252 824 sibi
275 760 344 823 dari
365 758 515 844 Lydiam,
536 758 646 843 Ionas,
668 759 848 844 Aeolidem,
869 759 1074 843 Hellesponti
1096 782 1213 844 oram,

189 848 341 913 victoriae
364 869 439 912 suae
462 849 612 932 praemia.
646 847 748 934 Leges
770 852 876 912 autem
894 870 914 912 a
931 848 1107 913 victoribus
1131 849 1213 933 dici,

191 935 293 1019 accipi
320 958 339 999 a
365 937 472 1001 victis:
507 937 542 1001 in
569 941 642 1001 utro
670 941 757 1001 statu
785 937 879 1001 ambo
907 940 1028 1020 essent,
1057 936 1086 1000 si
1109 939 1209 1002 solus

155 1025 366 1108 signoraret,
397 1025 654 1109 quamprimum
676 1023 780 1089 Marte
803 1025 994 1088 decerneret.
1039 1022 1079 1089 Se
1103 1027 1209 1110 [quo-

191 1108 279 1197 que],
295 1133 383 1212 ,cum
408 1114 560 1178 transiret
585 1135 686 1196 mare,
713 1135 780 1178 non
808 1110 953 1177 Ciliciam
980 1115 1036 1176 aut
1057 1112 1208 1196 Lydiam

191 1204 480 1374 tulllttll
494 1202 741 1375 biltutntlgl?
761 1201 845 1374 {uf
868 1202 1206 1355 tttlttets

190 1375 358 1441 Ecbatana
383 1379 550 1462 ultimique
574 1377 713 1442 Orientis
741 1399 830 1443 oram
852 1378 985 1461 imperio
1009 1376 1204 1444 destinasse.

192 1464 399 1550 Quocumque
425 1466 479 1530 ille
506 1466 617 1550 fugere
643 1466 814 1550 potuisset,
842 1466 948 1549 ipsum
975 1466 1064 1549 sequi
1086 1487 1203 1548 posse:

191 1553 351 1618 desineret
363 1558 481 1618 terrere
494 1553 687 1637 fluminibus,
701 1575 794 1637 quem
809 1555 904 1618 sciret
917 1554 1019 1617 maria
1031 1555 1201 1619 transisse.

156 1663 172 1711 s
278 1641 384 1727 Reges
424 1641 551 1726 quidem
586 1642 665 1706 haec
700 1642 837 1706 invicem
872 1642 1074 1725 scripserant¹
1135 1642 1199 1708 Sed
1209 1644 1243 1708 22

190 1729 310 1795 Rhodii
336 1730 449 1794 urbem
476 1752 567 1794 suam
602 1733 777 1815 portusque
814 1730 973 1794 dedebant
1002 1729 1199 1796 Alexandro.

190 1816 249 1881 Ille
277 1816 421 1883 Ciliciam
448 1816 572 1883 Socrati
597 1819 773 1883 tradiderat
799 1817 929 1882 Philota
959 1818 1085 1902 regioni
1113 1819 1199 1884 circa

191 1904 314 1988 Tyrum
340 1907 427 1972 iusso
454 1907 642 1991 praesidere¹
688 1905 826 1990 Syriam,
855 1927 936 1989 quae
965 1904 1059 1971 Ocelo
1088 1909 1196 1991 appel-

190 1993 290 2075 latur,
321 1993 546 2060 Andromacho
564 1995 746 2059 'Parmenio
777 1994 952 2058 tradiderat
980 1995 1079 2078 bello,
1110 1996 1196 2080 quod

140 2101 173 2150 10
192 2083 370 2164 supererat,
397 2083 616 2147 interfuturus.
660 2083 730 2146 Rex
755 2081 993 2166 Hephaestione
1019 2081 1195 2148 Phoenices

193 2189 282 2232 oram
310 2169 411 2233 classe
437 2171 636 2254 praetervehi
662 2171 749 2235 iusso
780 2171 821 2235 ad
848 2171 959 2234 urbem
982 2168 1101 2234 Gazam
1123 2193 1195 2236 cum

193 2256 341 2320 omnibus
363 2259 464 2342 copiis
486 2258 582 2322 venit

141 2365 172 2412 11
279 2343 397 2409 Iisdem
425 2346 492 2410 fere
520 2346 630 2411 diebus
658 2348 811 2412 sollemne
839 2350 908 2411 erat
934 2347 1091 2412 ludicrum
1113 2347 1194 2412 Isth-

192 2432 343 2517 miorum,
366 2435 451 2518 quod
474 2439 632 2500 conventu
653 2436 753 2501 totius
768 2434 920 2500 Graeciae
939 2437 1124 2500 celebratur.
1154 2436 1193 2500 In

192 2543 230 2587 eo
260 2523 396 2588 concilio
424 2522 550 2606 Graeci,
580 2526 618 2587 ut
646 2528 723 2588 sunt
748 2524 942 2608 temporaria
968 2524 1111 2610 ingenia,
1141 2523 1192 2588 de·

192 2615 339 2695 cernunt,
371 2615 407 2676 ut
433 2631 481 2677 xv
502 2613 685 2697 legarentur
707 2613 748 2677 ad
770 2632 892 2697 regem,
922 2613 977 2695 qui
1000 2613 1041 2678 ob
1063 2633 1113 2676 res
1134 2634 1191 2696 pro

193 2701 295 2763 salute
326 2721 364 2764 ac
394 2700 543 2765 libertate
574 2699 726 2765 Graeciae
753 2702 860 2785 gestas
888 2721 1041 2766 coronam
1068 2721 1191 2764 auream

141 2807 173 2854 12
193 2786 312 2851 donum
342 2787 494 2854 victoriae
525 2789 654 2853 ferrent.
702 2788 791 2853 Idem
822 2789 919 2873 paulo
951 2791 1027 2853 ante
1057 2789 1190 2853 incertae

192 2875 297 2938 famae
329 2880 537 2959 captaverant
564 2900 688 2960 auram,
719 2880 769 2960 ut,
800 2897 998 2961 quocumque
1020 2876 1190 2960 pendentes

193 2964 317 3028 animos
339 2964 468 3029 tulisset
484 2964 626 3050 fortuna,
650 2968 864 3049 sequerentur.

141 3072 173 3120 13
281 3049 429 3116 Ceterum
453 3074 521 3117 non
542 3054 611 3137 ipse
640 3054 735 3118 modo
763 3074 819 3116 rex
841 3053 953 3117 obibat
974 3052 1069 3116 urbes
1091 3050 1225 3116 adhuctt

192 3140 303 3224 iugum
325 3140 451 3223 imperii
472 3145 663 3225 recusantes,
687 3141 742 3206 sed
759 3144 922 3225 praetores
941 3161 1066 3224 quoque
1084 3141 1186 3224 ipsius

193 3229 314 3314 egregii
348 3229 455 3310 duces,
486 3229 637 3313 pleraque
664 3230 860 3312 invaserant,
894 3226 988 3293 Calas
1014 3228 1185 3313 Paphlago·

191 3317 289 3400 niam,
311 3316 494 3402 Antigonus
508 3315 714 3400 Lycaoniam.
747 3317 901 3382 Balacrus
914 3316 1076 3400 Hydarne,
1098 3315 1184 3380 Darei

140 3425 174 3473 14
191 3409 352 3489 praetore,
382 3408 531 3490 superato
555 3406 658 3470 denuo
681 3406 827 3470 Miletum
849 3406 947 3489 oepit:
978 3403 1183 3488 Amphoterus

191 3498 224 3559 et
237 3493 440 3578 Hegelochus
463 3511 529 3560 otx
541 3495 671 3558 navium
690 3496 790 3559 classe
806 3495 927 3558 insulas
940 3493 1024 3558 inter
1038 3491 1182 3558 Achaiam

139 3601 172 3650 15
192 3587 288 3668 atque
302 3582 413 3646 Asiam
428 3583 463 3647 in
478 3582 633 3648 dicionem
647 3582 822 3646 Alexandri
834 3582 1032 3667 redegerunt.
1064 3579 1179 3644 Tenedo
