2600 4096
228 174 293 240 194
595 172 627 238 Q.
647 172 756 228 coam
773 171 860 228 RUFI

177 331 208 380 ss
228 316 454 384 contumeliam
472 316 612 400 remisse,
635 315 739 381 dicere
759 337 840 400 quaa
858 316 957 417 vellet
978 315 1081 417 iubet,
1108 314 1150 379 At
1165 315 1218 378 illa

227 403 1219 576 tizttrsttttqtttfttttti‘fattttt

226 581 379 660 habebat,
389 585 556 664 suspectus
570 581 796 664 scrutantibus,
809 580 887 664 quid
901 580 1072 663 occuleret,
1080 579 1219 644 ostendit

177 685 209 734 rs
228 667 423 737 Confuderat
441 669 507 734 oris
525 668 696 753 exsanguis
714 671 808 733 notas
826 668 933 751 pallor
949 689 1023 752 nec,
1045 668 1115 752 quis
1133 671 1220 746 esset,

226 759 318 824 nosci
336 757 415 822 satis
433 759 570 840 poterat
600 757 689 842 Ergo
708 778 778 840 rex,
796 757 913 821 certior
930 755 1036 822 factus
1054 757 1220 820 humanum

228 850 324 929 eaput
351 845 475 910 adferre
502 842 588 930 eum,
614 845 821 909 tabernaculo
848 844 985 910 excessit
1011 848 1220 927 percontatus

178 950 210 998 14
228 955 304 1019 que,
335 933 411 1017 quid
439 933 486 998 rei
513 934 569 1018 sit,
599 933 656 997 illo
687 932 859 1016 profitente
886 933 1060 1016 cognoscit.
1109 931 1220 997 Variae

227 1021 304 1086 hinc
330 1021 542 1105 cogitationes
569 1021 707 1086 invicem
730 1020 873 1086 animum
900 1021 1026 1086 diversa
1053 1020 1221 1106 agitantem

228 1113 474 1176 commoverant
507 1109 661 1174 Meritum
678 1109 793 1193 ingens
811 1108 847 1172 im
864 1113 966 1174 semet
983 1130 1054 1174 esse
1073 1109 1222 1190 credebat,

229 1198 313 1282 quod
335 1197 505 1282 transfuga
532 1201 566 1262 et
587 1197 746 1281 proditor,
773 1197 873 1260 tantis
897 1197 1007 1280 rebus,
1034 1197 1063 1262 si
1090 1197 1222 1277 vixisset,

228 1286 402 1352 iniecturus
422 1307 577 1374 moram,
609 1285 797 1350 interfectus
829 1288 926 1349 esset:
963 1289 1076 1350 contra
1105 1285 1222 1350 facinus

228 1375 342 1459 ingens
379 1375 600 1457 aversabatur,
634 1395 707 1439 cum
742 1373 863 1457 optime
894 1373 1046 1438 meritum
1081 1375 1121 1440 de
1151 1374 1223 1456 ipsa,

229 1462 446 1528 communium
476 1465 643 1545 parentem
674 1461 826 1544 liberum,
856 1483 914 1544 per
949 1461 1085 1528 insidias
1116 1461 1222 1526 intere·

179 1565 211 1616 16
228 1551 350 1616 misset.
389 1549 479 1615 Vicit
500 1553 609 1614 tamen
631 1549 770 1634 gratiam
793 1549 901 1614 meriti
927 1549 1057 1616 sceleris
1079 1550 1222 1615 atrocitas

229 1638 471 1722 denuntiarique
492 1637 601 1721 iussit,
623 1642 660 1701 ut
678 1638 844 1703 excederet
862 1637 977 1704 castris
996 1660 1060 1703 neu
1082 1638 1223 1704 licentiae

230 1728 387 1793 barbarae
401 1725 564 1809 exemplar
577 1725 612 1790 in
624 1724 817 1790 Graecorum
830 1747 936 1791 mores
951 1729 984 1791 et
997 1726 1090 1792 mitia
1102 1724 1223 1810 ingenia

179 1831 211 1880 ro
229 1815 427 1881 transferret
470 1814 582 1878 Dahae
610 1811 804 1896 Spitamenis
832 1814 925 1878 caede
952 1817 1109 1898 conperta
1134 1814 1222 1879 Data·
1232 1813 1258 1877 13

229 1905 382 1988 phernen,
394 1902 582 1967 defectionis
596 1903 665 1968 eius
679 1903 879 1985 participem,
892 1901 1036 1966 vinctum
1046 1901 1221 1968 Alexandro

230 2013 326 2074 seque
346 1991 473 2058 dedunt.
504 1990 563 2056 Ille
582 1990 722 2055 maxima
740 1991 958 2074 praesentium
971 2012 1122 2056 curarum
1140 1994 1221 2074 parte

230 2079 386 2144 liberatus
418 2079 577 2144 convertit
608 2079 751 2143 animum
782 2078 823 2144 ad
858 2078 1066 2144 vindicandas
1096 2079 1222 2144 iniurias

231 2188 352 2250 eorum,
384 2166 499 2249 quibus
531 2189 552 2231 a
581 2167 783 2250 praetoribus
814 2166 879 2232 suis
907 2188 1002 2231 avare
1030 2188 1069 2232 ac
1097 2167 1223 2251 superbe

178 2268 212 2318 1⁷
231 2253 459 2337 imperabatur.
491 2253 581 2339 Ergo
597 2254 833 2338 Phratapherni
846 2254 1042 2339 Hyrcaniam
1057 2259 1091 2320 et
1102 2255 1223 2320 Mardos

231 2363 303 2409 cum
325 2342 462 2425 Tapuris
485 2342 622 2407 tradidit
642 2343 883 2428 mandavitque,
905 2348 942 2407 ut
961 2342 1159 2427 Phradatem,
1180 2341 1222 2407 cui

231 2431 434 2515 succedebat,
470 2431 511 2495 ad
543 2452 576 2494 se
611 2431 645 2494 in
677 2431 855 2496 custodiam
888 2431 1042 2498 mitteret.
1095 2429 1225 2510 Arsami,

230 2519 435 2606 Drangarum
462 2518 639 2603 praefecto,
668 2519 863 2585 substitutus
890 2524 939 2584 est
965 2519 1135 2586 Stasanor:
1170 2519 1222 2582 Ar-

231 2631 321 2674 saces
341 2610 376 2676 in
398 2607 540 2674 Mediam
562 2607 693 2690 missus,
720 2611 757 2672 ut
779 2607 938 2692 Oxydates
960 2608 1036 2672 inde
1059 2608 1224 2674 decederet

230 2697 412 2782 Babylonia
434 2697 602 2762 demortuo
624 2695 756 2760 Mazaeo
779 2693 922 2760 Stameni
944 2697 1089 2762 subiecta
1109 2699 1166 2764 est
1279 2691 1280 2785 1

654 2851 733 2919 Ona.
755 2854 812 2920 IV.

197 2975 213 3024 1
319 2959 380 3026 His
412 2962 588 3045 conpositis
619 2961 717 3025 tertio
750 2982 859 3026 mense
888 2982 927 3026 ex
961 2961 1106 3026 hibernis
1134 2965 1224 3026 mont
1234 2953 1279 3039 14,

232 3049 420 3126 exercitum,
438 3051 602 3134 regionem
620 3070 702 3133 quae
720 3047 848 3113 Gazaba
866 3050 1061 3134 appellatur,
1080 3049 1223 3114 aditurus.

197 3151 214 3199 a
232 3137 359 3203 Primus
378 3136 446 3200 dies
460 3139 603 3220 quietum
615 3138 678 3201 iter
690 3137 851 3221 praebuit:
869 3138 1034 3221 proximus
1048 3139 1079 3202 ei
1092 3135 1223 3202 nondum

234 3225 360 3310 qmdem
382 3225 579 3308 procellosus
598 3229 631 3290 et
648 3225 764 3308 tristis,
788 3224 952 3290 obscurior
970 3229 1080 3292 tamen
1097 3222 1222 3310 pristino
1277 3239 1278 3291 1

196 3326 298 3377 anon
327 3313 395 3378 sine
421 3312 516 3376 minis
541 3313 712 3379 crescentis
739 3313 817 3378 mali
843 3313 1018 3398 praeteriit.
1055 3313 1164 3379 Tertio
1188 3307 1223 3373 ab

234 3401 322 3467 ommi
343 3405 436 3485 parte
455 3401 535 3464 caeli
554 3401 689 3467 emicare
707 3401 837 3487 fulgura
857 3406 904 3484 et,
925 3423 1012 3467 nune
1028 3399 1223 3468 internitente

234 3491 318 3574 luce,
340 3511 423 3554 nunc
442 3489 584 3568 condita,
601 3511 667 3554 non
685 3492 793 3555 oculos
811 3491 905 3555 modo
925 3491 1061 3556 meantis
1079 3487 1223 3555 exercitus

198 3578 290 3644 tsed
314 3577 411 3642 etiam
434 3576 559 3641 animos
582 3580 701 3646 ,terrere
719 3582 900 3662 coeperunt.
937 3577 1019 3644 Erat
1040 3599 1139 3663 prope
1160 3592 1223 3638 eou-
