2582 4098
266 227 517 284 fflsroarsrten
535 227 747 282 ALEXANDRI
764 226 804 296 V,
822 233 846 283 9.
1009 226 1072 290 103

46 374 216 458 petimus,
237 374 433 457 praefectum
454 372 594 458 regionis
617 371 685 436 eius
707 369 843 435 Bessum
864 389 973 454 regem
992 373 1072 434 tem·

15 462 284 615 eriserit
304 457 994 631 williwaldum
1011 458 1106 616 tu

49 638 209 702 Dareum
235 659 302 702 non
323 639 519 719 temperasse
540 636 661 720 animo,
691 657 897 720 quamquam,
924 637 992 698 tam
1014 634 1072 698 im·

51 727 136 810 piae
176 725 247 790 voci
278 728 433 808 quantum
463 723 554 787 nefas
584 724 738 808 subesset,
772 724 903 788 latebat.
950 719 1072 806 Itaque,

54 811 289 896 ‘Pessimum'‚
310 812 427 896 inquit,
451 811 674 895 ‘mancipium
695 812 865 895 repperisti
886 814 1073 893 exoptatum

6 969 8 972 ,
55 903 124 965 tibi
148 904 291 984 tempus,
313 922 376 984 quo
398 899 604 984 parricidium
626 898 790 982 aperiresl’
813 899 987 982 strictoque
1010 899 1127 968 aci-10

55 1010 147 1053 nace
175 989 400 1053 interfecturus
427 1009 500 1051 eum
526 987 710 1070 videbatur,
740 986 775 1051 ni
797 1008 931 1071 propere
952 984 1073 1052 Bessus

55 1076 309 1160 Bactrianique,
353 1077 443 1158 quasi
477 1075 739 1159 deprecarentur,
781 1075 924 1140 tristium
959 1075 1073 1159 specie,

6 1203 9 1210 ‹
58 1168 226 1247 ceterum,
262 1164 290 1228 si
324 1167 554 1248 perseveraret,
590 1163 740 1247 vincturi,
780 1162 1072 1228 circumstetissent.

6 1293 7 1298 κ
58 1251 275 1317 Nabarzanes
292 1251 421 1316 interim
439 1252 575 1335 elapsus,
595 1273 670 1316 mox
688 1254 720 1315 et
732 1249 850 1316 Bessus
868 1255 1072 1316 consecutus:
1092 1271 1124 1319 11

60 1339 193 1424 copias,
223 1340 338 1424 quibus
364 1342 547 1424 praeerant,
578 1360 598 1404 a
628 1342 733 1403 cetero
763 1338 902 1403 exercitu
917 1339 1072 1404 'secedere

6 1471 9 1508 ς
60 1428 183 1493 iubent
211 1431 369 1492 nemetum
395 1427 507 1491 inituri
532 1427 710 1492 consilium.
753 1425 933 1492 Artabanus
959 1447 1125 1495 conve-12

7 1575 8 1582 ,
57 1517 212 1580 trientem
238 1515 399 1598 praesenti
424 1514 572 1580 fortunae
595 1515 787 1580 sententiam
810 1535 901 1580 orsus
923 1514 1072 1598 mitigare

7 1681 9 1685 Ι
62 1602 219 1686 Dareum,
240 1607 422 1687 temporum
441 1603 615 1668 identidem
632 1604 817 1686 admonens,
834 1601 953 1686 coepit:
976 1601 1073 1666 ferret

6 1771 9 1774 .
64 1712 171 1775 aequo
195 1691 302 1756 animo
325 1691 614 1776 qualiumcumque,
639 1713 769 1756 suorum
790 1695 900 1756 tamen
921 1691 973 1756 vel
995 1690 1072 1754 stul-

64 1780 176 1843 titiam
197 1779 249 1844 rel
271 1799 419 1844 errorem.
462 1778 586 1842 Instare
608 1779 673 1842 iam
695 1778 912 1843 Alexandrum
934 1798 1073 1863 gravem,

66 1867 195 1931 etiamsi
221 1887 333 1932 omnes
358 1870 487 1950 praesto
515 1870 634 1932 essent:
670 1866 745 1950 quid
767 1866 923 1950 futrrum,
953 1866 980 1930 si
1002 1887 1072 1949 per·

6 2003 10 2041 3
69 1955 172 2019 secuti
200 1954 311 2039 fugam
339 1954 441 2037 ipsius
468 1953 667 2018 alienentur?
712 1953 818 2038 Aegre
843 1953 952 2037 paruit
977 1953 1125 2021 Arta-13

8 2094 10 2130 5
69 2043 150 2107 bano
173 2045 218 2126 et,
249 2063 442 2126 quamquam
464 2063 591 2107 movere
613 2045 719 2107 castra
740 2044 909 2124 statuerat,
935 2042 1072 2107 turbatis

7 2183 9 2186 .
69 2134 180 2194 tamen
208 2131 351 2195 omnium
377 2130 493 2194 animis
520 2130 630 2195 eodem
656 2131 691 2194 in
716 2130 786 2196 loco
814 2130 966 2195 substitit
1011 2128 1073 2196 Sed

70 2218 228 2283 attonitus
254 2218 415 2282 maestitia
442 2216 537 2282 simui
563 2221 597 2281 et
621 2216 840 2302 desperatione
865 2219 1072 2284 tabernaculo

7 2390 8 2394 Ἰ
72 2326 107 2371 se
132 2304 269 2370 inclusit
312 2304 401 2390 Ergo
426 2306 611 2388 incastris,
636 2328 716 2392 quae
738 2307 856 2371 nullius
878 2307 1074 2391 regebantur
1093 2323 1126 2372 14

72 2394 212 2477 imperio,
234 2393 315 2458 varii
337 2394 517 2458 animorum
534 2397 640 2459 motus
659 2398 751 2460 erant
768 2415 827 2459 nec
844 2395 880 2458 in
897 2415 1072 2478 commune,

8 2565 9 2568 Ἴ
73 2485 111 2546 ut
130 2484 212 2564 ante,
234 2481 467 2546 consulebatur.
501 2481 576 2546 Dux
589 2481 783 2548 Graecorum
800 2482 938 2546 militum
950 2481 1073 2545 Patron
1092 2499 1125 2548 15

74 2591 163 2633 arma
179 2590 290 2653 capere
307 2591 382 2634 suos
399 2570 488 2634 iubet
504 2574 696 2654 paratosque
714 2591 783 2635 esse
799 2569 840 2632 ad
853 2567 1073 2652 exequendum

75 2657 255 2741 imperium:
287 2656 401 2722 Persae
424 2661 630 2722 secesserant:
657 2657 775 2723 Bessus
798 2678 870 2721 cum
892 2655 1072 2720 Bactrianis
1091 2674 1125 2724 16

76 2747 143 2808 erat
162 2745 400 2830 temptabatque
418 2744 532 2810 Persas
555 2745 719 2830 abducere,
739 2744 858 2810 Bactra
879 2747 912 2808 et
933 2744 1073 2810 intactae

76 2833 211 2917 regionis
234 2833 386 2916 opulenta
404 2834 569 2919 simulque,
591 2855 671 2918 quae
688 2832 892 2898 manentibus
905 2833 1073 2918 instarent,

77 2921 210 3004 pericula
232 2924 405 3000 ostentans,
439 2920 609 2986 Persarum
632 2921 774 2986 omnium
797 2920 908 2986 eadem
927 2921 994 2986 fere
1011 2921 1074 2985 fuit

78 3030 149 3092 vox,
177 3008 267 3073 nefas
294 3030 364 3073 esse
391 3008 491 3073 deseri
517 3030 634 3095 regem.
676 3008 768 3073 lnter
792 3009 872 3073 haec
893 3009 1072 3074 Artabanus
1093 3027 1126 3076 1⁷

80 3096 219 3161 omnibus
241 3097 453 3180 imperatoriis
474 3097 670 3182 fungebatur
687 3096 814 3162 officiis:
836 3097 890 3161 ille
903 3096 1073 3162 Persarum

80 3185 276 3248 tabernacula
298 3185 475 3268 circumire,
501 3184 637 3267 hortari,
659 3207 788 3250 monere
810 3207 897 3250 nunc
919 3186 1073 3269 singulos,

80 3293 158 3336 nunc
178 3273 341 3338 universos
362 3294 430 3338 non
452 3276 528 3338 ante
545 3273 677 3357 destitit,
700 3295 797 3359 quam
815 3273 893 3338 satis
913 3276 1074 3338 constaret

80 3361 227 3443 imperata
260 3360 411 3426 facturos.
463 3360 553 3425 Idem
584 3381 678 3446 aegre
709 3384 730 3427 a
755 3362 861 3427 Dareo
891 3361 1075 3446 inpetravit,

82 3451 115 3513 ut
134 3447 234 3513 cibum
257 3452 384 3534 caperet
405 3449 609 3536 animumque
629 3450 725 3516 rebus
749 3451 935 3516 adverteret
