2552 4108
264 199 519 255 HISTORIARUM
537 199 752 254 ALEXANDRI
770 199 822 270 IV,
841 207 865 255 6.
1024 199 1066 262 47

47 365 123 408 cum
154 343 249 408 idem
278 343 469 427 recipiendis
497 344 553 428 qui
580 343 787 409 admovendis
813 343 956 408 turribus
977 344 1070 408 labor

48 453 104 496 eos
133 431 306 517 fatigaret.
350 431 439 518 Ergo
468 433 612 516 receptui
638 433 732 518 signo
760 432 835 497 dato
862 435 991 516 postero
1020 433 1070 497 die
1091 453 1124 502 10

48 541 164 586 muros
194 541 319 585 corona
346 521 535 584 circumdari
559 521 662 586 iussit.
707 517 847 604 Ortoque
870 521 945 604 sole,
967 520 1070 604 prius·

50 629 152 691 quam
177 608 370 673 admoveret
387 609 573 692 exercitum,
596 630 689 691 opem
707 608 801 673 deum
825 629 997 692 exposcens
1021 630 1070 672 sa-

50 717 143 760 crum
166 697 280 781 patrio
299 718 388 763 more
406 697 552 761 faciebat.
588 696 685 762 Forte
702 697 941 781 praetervolans
956 717 1070 761 corvus
1091 717 1120 765 11

50 785 201 869 glebam,
227 807 327 870 quam
353 785 514 871 unguibus
537 785 674 869 ferebat,
699 786 806 850 subito
830 785 954 850 amisit:
989 805 1071 868 quae

51 893 126 937 cum
164 874 258 958 regis
295 873 394 957 capiti
425 873 605 952 incidisset,
643 874 785 938 resoluta
816 873 962 957 defluxit,
1000 874 1073 958 ipsa

52 971 164 1026 autem
199 961 272 1025 avis
303 961 340 1025 in
370 963 517 1046 proxima
547 964 637 1025 turre
668 962 821 1026 consedit.
872 961 972 1026 Inlita
1002 964 1073 1026 erat

52 1048 154 1114 turris
183 1049 347 1114 bitumine
370 1071 407 1114 ac
430 1049 597 1134 sulphure,
626 1049 661 1113 in
689 1071 752 1133 qua
779 1049 839 1114 alis
865 1049 1071 1114 haerentibus

53 1136 181 1202 frustra
205 1159 243 1202 se
267 1138 413 1202 adlevare
436 1141 570 1202 conatus
594 1159 614 1201 a
635 1137 915 1206 circumstantibus
939 1138 1073 1221 capitur.

53 1221 167 1310 Digna
191 1247 246 1290 res
269 1226 352 1308 visa,
382 1226 420 1290 de
443 1246 507 1309 qua
528 1229 617 1290 vates
640 1227 833 1308 consuleret,
855 1228 892 1289 ut
914 1229 984 1289 erat
1004 1246 1073 1289 non
1092 1244 1125 1293 la

55 1312 201 1379 intactae
227 1336 249 1378 a
271 1314 497 1398 superstitione
519 1314 646 1378 mentis.
687 1312 777 1398 Ergo
800 1313 999 1397 Aristander,
1021 1313 1072 1377 cui

56 1402 201 1466 maxima
229 1402 311 1466 fides
337 1401 530 1467 habebatur:
561 1403 650 1466 urbis
678 1402 807 1485 quidem
834 1400 990 1465 excidium
1018 1423 1072 1464 au·

57 1490 151 1574 gurio
179 1491 242 1555 illo
273 1490 436 1573 portendi,
467 1493 605 1555 ceterum
637 1491 813 1574 periculum
841 1510 923 1572 esse,
953 1509 995 1552 ne
1017 1510 1073 1552 rex

57 1578 176 1642 vulnus
205 1579 376 1664 acciperet.
419 1577 532 1661 Itaque
559 1579 698 1661 monuit,
727 1599 768 1642 ne
791 1577 867 1661 quid
890 1598 927 1640 eo
951 1576 1001 1639 die
1024 1575 1072 1638 in-

59 1665 191 1748 ciperet
223 1666 294 1750 llle,
317 1687 509 1750 quamquam
531 1688 629 1730 unam
652 1666 764 1730 urbem
787 1665 857 1748 sibi,
880 1687 943 1749 quo
965 1663 1072 1728 minus
1084 1677 1115 1732 13

60 1773 191 1819 securus
234 1754 420 1839 Aegyptum
454 1755 603 1832 intraret,
643 1754 772 1819 obstare
810 1773 905 1838 aegre
939 1752 1073 1834 ferebat,

14 1837 172 1909 ditamen
207 1844 318 1927 paruit
348 1842 416 1907 vati
447 1843 638 1926 signumque
669 1841 811 1925 receptui
844 1840 939 1904 dedit
987 1839 1074 1903 Hinc

64 1930 192 1995 animus
221 1931 324 1995 crevit
350 1929 501 2012 obsessis,
528 1930 710 2014 egressique
736 1932 832 2013 porta
852 1929 1073 1992 recedentibus

64 2015 211 2084 inferunt
244 2019 338 2103 signa
368 2018 605 2083 cunctationem
633 2017 775 2082 hostium
802 2039 893 2080 suam
921 2017 991 2082 fore
1023 2037 1073 2080 oc·

65 2105 229 2171 casionem
251 2107 323 2170 rati.
360 2104 422 2171 Sed
445 2106 549 2170 acrius
577 2128 674 2190 quam
697 2105 897 2170 constantius
917 2105 1074 2189 proelium
1087 2112 1118 2161 14

65 2191 221 2260 inierunt:
258 2195 376 2279 quippe
406 2197 444 2258 ut
469 2193 681 2259 Macedonum
708 2194 802 2278 signa
829 2194 1002 2278 circumagi
1028 2193 1074 2257 vi·

68 2279 152 2366 dere,
193 2287 327 2367 repente
363 2282 483 2347 sistunt
522 2283 665 2367 gradum.
717 2282 850 2365 Iamque
890 2281 931 2345 ad
966 2301 1074 2366 regem

67 2371 294 2449 proeliantium
321 2373 441 2436 clamor
463 2374 663 2454 pervenerat,
694 2392 766 2436 cum
790 2369 971 2434 denuntiati
992 2369 1074 2453 peri-

68 2457 129 2520 culi
150 2459 238 2524 haud
263 2481 340 2523 sane
362 2480 485 2524 memor
510 2495 548 2506 -
572 2459 704 2524 loricam
726 2462 849 2540 tamen,
881 2479 978 2540 quam
1001 2478 1074 2520 raro

72 2543 234 2632 induebat,
257 2547 367 2612 amicis
390 2547 557 2614 orantibus
580 2547 717 2631 sumpsit
737 2544 832 2609 -ad
853 2547 959 2628 prima
981 2544 1075 2627 signa

69 2637 223 2713 pervenit.
270 2635 340 2712 Quo
363 2639 534 2718 conspecto
557 2635 662 2700 Arabs
686 2634 827 2717 quidam,
853 2631 952 2698 Darei
973 2632 1123 2715 miles,15

70 2722 170 2787 maius
187 2725 321 2789 fortuna
339 2745 398 2788 sua
414 2723 539 2788 facinus
554 2745 659 2808 ausus,
682 2722 825 2806 gladium
838 2721 939 2805 clipeo
953 2722 1075 2805 tegens,

71 2811 160 2889 quasi
186 2811 357 2896 transfuga
384 2811 519 2896 genibus
546 2811 631 2896 regis
654 2809 842 2875 advolvitur.
882 2808 941 2872 Ille
964 2808 1074 2873 adsur-

72 2915 143 2977 gere
176 2900 353 2984 supplicem
384 2899 544 2984 recipique
576 2899 661 2962 inter
688 2919 763 2963 suos
789 2896 891 2962 iussit.
935 2897 982 2961 At
1003 2897 1074 2960 bar·
1095 2915 1126 2964 16
1220 2933 1224 2940 ·

72 2980 165 3050 barus
196 2988 304 3074 gladio
335 2991 464 3052 shenue
495 2988 530 3051 in
562 2986 705 3050 dextram
735 2986 893 3050 translato
921 2985 1075 3050 cervicem

73 3071 204 3155 adpetiit
223 3077 323 3160 regis:
346 3076 401 3159 qui
425 3076 540 3160 exigua
561 3074 703 3158 corporis
724 3073 936 3138 declinatione
955 3072 1075 3137 evitato

74 3155 136 3224 ictu
158 3163 192 3227 in
211 3186 332 3229 vanum
348 3185 480 3228 manum
498 3163 627 3228 barbari
644 3163 768 3246 lapsam
790 3164 937 3246 amputat
959 3161 1076 3246 gladie,

75 3243 258 3317 denuntiato
281 3253 316 3316 in
337 3252 429 3316 illum
445 3252 529 3316 diem
542 3252 692 3335 periculo,
714 3253 751 3314 ut
765 3250 983 3314 arbitrabatur
995 3249 1075 3333 ipse,

77 3331 247 3408 defunctus.
306 3338 382 3424 Sed,
417 3344 454 3404 ut
490 3343 616 3423 opinor,
652 3339 836 3403 inevitabile
872 3340 921 3401 est
956 3337 1074 3401 fatum:
1095 3355 1126 3404 17

77 3424 187 3518 quippe
210 3430 286 3494 dum
307 3429 393 3494 inter
415 3429 570 3512 primores
592 3427 773 3512 promptius
792 3426 931 3508 dimicat,
954 3425 1075 3510 sagitta

76 3514 154 3578 lctus
177 3520 237 3602 est,
264 3539 361 3601 quam
383 3538 440 3601 per
461 3516 592 3580 loricam
615 3517 775 3598 adactam,
799 3517 937 3578 stantem
960 3514 995 3578 in
1017 3513 1075 3576 hu·

78 3614 160 3668 mero
181 3606 323 3671 medicus
346 3605 414 3670 eius
436 3603 605 3690 Philippus
627 3604 742 3669 evellit.
777 3601 937 3668 Plurimus
960 3599 1074 3664 deinde
1095 3619 1127 3669 18
