2602 4094
298 188 552 245 HISTORIARUM
569 189 782 245 ALEXANDRI
800 191 834 261 X,
855 198 878 247 l.
1025 191 1089 254 259

80 331 265 415 septiremis
295 355 406 398 omnes
434 355 504 399 esse
531 334 706 418 deducique
732 333 910 418 Babylona.
955 332 1090 418 prrio·

79 441 155 484 rum
182 420 314 504 regibus
339 423 551 506 imperatum,
580 428 617 487 ut
643 445 698 488 aes
722 427 935 507 stuppamque
963 429 997 488 et
1019 424 1090 488 vela

79 507 283 591 praeberent
314 509 404 574 Haec
422 511 531 594 agenti
545 511 621 577 Pori
642 517 675 576 et
688 511 811 576 Taxilis
829 531 942 595 regum
960 511 1089 576 litterae
1108 524 1142 573 2ο

80 596 269 681 traduntur,
305 599 466 664 Abisaren
498 600 625 678 morbo,
661 600 861 684 Philippum,
891 599 1090 683 praefectum

80 684 195 770 ipsius,
219 707 257 750 ex
275 687 405 752 vulnere
423 688 572 752 interisse
591 709 834 773 oppressosque,
856 689 911 772 qui
929 688 1090 752 vulneras-

82 777 157 837 sent
189 795 271 839 eum.
317 774 422 860 Igitur
452 775 606 858 Philippo
637 777 808 842 substituit
838 776 1090 842 Eudaemonem:
1107 789 1141 837 21

83 861 148 926 dux
167 868 238 927 erat
250 862 420 930 Th1acum
447 863 595 928 Abisaris
614 885 747 949 regnum
764 866 832 930 filio
848 866 915 931 cius
931 865 1090 931 attribuit

51 947 73 1010 4
172 949 314 1016 Ventum
343 957 393 1018 est
415 952 528 1018 deinde
549 952 750 1036 Parsagada:
776 953 909 1018 Persica
930 957 980 1018 est
1002 975 1091 1039 gens,
1108 965 1142 1014 22

83 1039 174 1103 cuius
196 1043 342 1124 satrapes
360 1040 491 1107 Orsines
514 1045 592 1121 erat,
614 1042 785 1106 nobilitate
808 1064 846 1106 ac
866 1042 987 1108 divitiis
1005 1043 1091 1107 inter

83 1147 194 1191 omnes
211 1128 368 1194 barbaros
387 1131 540 1194 eminens.
571 1128 679 1194 Genus
694 1129 831 1194 ducebat
845 1152 864 1194 2
878 1128 973 1214 Oyro,
992 1153 1090 1215 quon·
1108 1143 1143 1191 23

83 1214 159 1280 dam
189 1236 266 1302 rege
298 1216 484 1290 Persarum:
521 1240 598 1301 opes
632 1223 666 1283 et
694 1240 714 1283 a
740 1219 917 1284 maioribus
952 1219 1090 1284 traditas

82 1302 224 1369 habebat
256 1309 289 1369 et
319 1306 388 1390 ipse
419 1308 518 1393 longa
551 1307 680 1390 imperii
710 1308 916 1390 possessione
952 1309 1092 1373 cumula·

82 1395 184 1459 verat
227 1394 260 1459 Is
292 1395 362 1479 regi
393 1417 467 1460 cum
497 1396 602 1460 omnis
634 1396 760 1481 generis
792 1395 899 1479 donis,
929 1416 996 1460 non
1026 1397 1091 1479 ipsi
1109 1409 1143 1457 24

83 1481 180 1547 modo
211 1503 263 1566 ea,
297 1483 354 1547 sed
386 1484 485 1548 etiam
503 1483 630 1548 'amicis
662 1485 729 1548 eius
762 1483 908 1567 daturus,
943 1485 1091 1549 occurrit.

82 1571 251 1655 Equorum
269 1570 383 1636 domiti
401 1592 515 1658 greges
535 1574 750 1657 sequebantur
767 1594 940 1657 currusque
956 1575 1091 1657 argento

84 1663 117 1724 et
136 1680 215 1723 auro
234 1659 396 1744 edomati,
417 1660 561 1744 pretiosa
579 1660 723 1744 supellex
741 1665 775 1726 et
790 1660 917 1726 nobiles
936 1681 1091 1746 gemmae,

83 1769 183 1812 aurea
201 1748 311 1832 magni
332 1749 481 1831 ponderis
504 1770 582 1813 vasa
604 1753 774 1834 vestesque
797 1771 976 1833 purpureae
994 1753 1027 1814 et
1050 1749 1091 1814 si·

82 1837 176 1922 gnati
200 1837 328 1920 argenti
351 1839 509 1901 talentum
527 1855 566 1900 111
584 1838 684 1901 milia.
721 1834 871 1903 Ceterum
891 1841 985 1903 tanta
1002 1837 1091 1903 beni·
1109 1847 1143 1898 ao

82 1926 193 2011 gnitas
221 1925 360 1990 barbaro
388 1947 485 1990 causa
512 1926 626 1989 mortis
654 1926 725 1990 fuit.
769 1925 855 1991 Nam
883 1947 955 1990 cum
980 1947 1090 1992 omnes

83 2015 205 2078 amicos
220 2014 305 2098 regis
320 2014 412 2078 donis
427 2035 523 2098 super
535 2014 678 2097 ipsorum
692 2018 768 2079 vota
782 2015 943 2098 coluisset,
962 2014 1090 2101 Bagoae

84 2103 230 2185 spadoni,
253 2102 308 2185 qui
326 2101 546 2168 Alexandrum
569 2101 722 2185 obsequio
744 2103 886 2186 corporis
906 2104 1092 2170 devinxerat

83 2191 157 2274 sibi,
180 2191 307 2255 nullum
329 2191 484 2256 honorem
506 2189 633 2254 habuit:
659 2190 905 2276 admonitusque
924 2215 944 2257 a
962 2193 1091 2276 quibus·
1110 2205 1144 2253 26

83 2280 169 2361 dam,
187 2300 343 2363 perquam
361 2278 547 2344 Alexandro
566 2278 655 2343 cordi
674 2300 754 2363 esre,
771 2279 946 2364 respondit,
969 2283 1090 2346 amicos

81 2368 186 2452 regis,
218 2388 285 2432 non
316 2372 424 2432 scorta
455 2388 489 2431 se
521 2367 623 2432 colere
655 2389 714 2432 nec
746 2370 844 2434 moris
877 2391 946 2434 esse
975 2369 1092 2452 Parsis,

83 2478 191 2521 mares
218 2455 342 2538 ducere,
370 2457 424 2540 qui
452 2460 564 2539 stupro
587 2455 854 2522 effeminarentur.
890 2456 950 2521 His
972 2457 1091 2523 auditis
1109 2469 1143 2518 27

85 2545 186 2628 spado
204 2543 384 2629 potentiam
400 2544 527 2627 flagitio
542 2549 575 2609 et
588 2545 741 2609 dedecore
755 2545 933 2628 quaesitam
946 2543 982 2609 in
995 2548 1092 2627 caput

83 2633 280 2698 nobilissimi
304 2637 336 2697 et
358 2633 496 2698 insontis
519 2633 668 2697 exercuit
710 2631 858 2716 Namque
881 2634 986 2716 gentis
1010 2633 1092 2698 eins·

85 2722 159 2786 dem
191 2721 372 2786 levissimos
403 2721 495 2786 falsis
530 2722 715 2785 criminibus
748 2720 910 2786 adstruxit
940 2721 1092 2806 monitos,

85 2814 158 2875 tum
185 2809 313 2874 demum
336 2830 374 2875 ea
401 2809 537 2891 deferre,
564 2830 636 2874 cum
663 2811 733 2892 ipse
759 2809 914 2874 iussisset.
956 2808 1092 2874 Interim
1110 2819 1143 2869 28

12 2937 13 2944 1
85 2897 236 2983 quotiens
260 2899 329 2962 sine
353 2897 483 2962 arbitris
506 2901 584 2980 erat,
607 2897 750 2962 credulas
772 2898 858 2982 regis
881 2919 973 2963 aures
992 2898 1092 2981 inple·

86 2987 145 3050 bat
163 2986 369 3051 dissimulans
393 2986 625 3069 causamme,
649 3007 711 3068 quo
736 2987 866 3072 gravior
888 2987 1090 3052 criminantis

88 3076 263 3140 auctoritas
286 3078 380 3140 esset.
416 3072 568 3138 Nondum
587 3077 754 3157 suspectus
773 3081 843 3139 crat
861 3074 1004 3158 Orsines,
1026 3074 1091 3138 iam
1109 3086 1143 3135 29

88 3169 197 3229 tamen
214 3163 319 3228 vilior.
355 3162 441 3227 Reus
461 3163 545 3227 enim
568 3162 603 3226 in
626 3166 747 3227 secreto
767 3165 937 3248 agebatur,
958 3162 1091 3228 latentis

87 3251 222 3336 periculi
254 3252 400 3337 ignarus,
432 3254 465 3315 et
491 3251 795 3334 inportunissimum
822 3256 963 3317 scortum
990 3273 1031 3316 ne
1057 3252 1092 3316 in

89 3344 200 3424 stupro
227 3340 355 3424 quidem
379 3342 411 3404 et
434 3337 597 3404 dedecoris
619 3339 778 3422 patientia
801 3339 923 3404 fraudis
947 3339 1092 3423 oblitum,

89 3429 237 3514 quotiens
256 3449 397 3492 amorem
415 3427 501 3511 regis
519 3427 553 3492 in
573 3449 607 3492 re
628 3427 823 3508 accenderat,
842 3427 979 3493 Orsinen
997 3428 1091 3494 modo

60 3516 256 3600 bavaritiae,
283 3516 444 3581 interdum
472 3516 570 3581 etiam
598 3514 786 3581 defectionis
814 3517 978 3602 arguebat
1021 3515 1092 3581 Iam
1110 3527 1144 3575 30

89 3608 215 3670 matura
251 3607 344 3669 erant
374 3605 408 3669 in
438 3603 612 3687 perniciem
648 3604 827 3670 innocentis
863 3605 1029 3669 mendacia
1060 3608 1092 3669 et

881 3707 934 3761 17*
