2582 4098
230 195 486 251 HISTORIARUM
503 195 719 251 ALEXANDRI
737 196 776 250 IV
780 237 789 263 ,
808 203 832 252 9.
853 203 895 252 10.
1024 196 1067 260 57

52 342 211 409 hostium:
245 341 395 405 audaciae
416 362 562 425 quoque,
592 363 656 425 qua
678 340 814 405 maxime
837 341 954 426 viguit,
982 342 1066 406 ratio
1084 362 1119 412 aa

54 431 155 495 m'mui
183 432 306 514 potest,
337 429 412 514 quia
438 450 613 513 numquam
640 429 675 493 'm
702 428 871 494 discrimen
898 429 1001 514 venit,
1024 452 1067 494 an

53 523 173 583 temere
197 517 335 583 fecisset
368 516 527 601 Mazaeus,
550 518 612 601 qui,
636 517 663 580 si
685 517 925 582 transeuntibus
948 517 1067 582 flumen

55 606 309 691 supervenisset,
340 605 427 670 haud
451 605 546 670 dubie
570 626 779 690 oppressurus
801 605 864 669 fuit
885 606 1066 689 inconposi-

54 699 117 780 tos,
153 695 191 759 in
223 695 295 778 ripa
326 693 453 759 demum
486 694 526 758 ad
556 693 622 757 iam
652 695 851 776 perarmatos
883 694 1066 778 adequitare

55 783 167 867 coepit.
214 781 305 846 Mille
328 781 499 846 admodum
521 781 643 865 equites
665 781 882 865 praemiserat.
924 781 1067 858 Quorum
1085 803 1117 853 24

55 871 219 953 paucitate
235 869 418 934 Alexander
439 870 612 954 explorata,
635 868 747 933 deinde
770 873 954 955 contempta
976 892 1066 954 prae-

56 959 173 1023 fectum
195 957 361 1023 Paeonum
383 958 526 1042 equiturn
548 956 702 1022 Aristona
723 957 840 1022 laxatis
861 958 996 1023 habenis
1019 959 1066 1023 in·

57 1047 127 1110 vehi
153 1047 262 1112 iussit.
305 1045 446 1132 Insignis
474 1068 512 1110 eo
540 1046 590 1110 die
615 1066 726 1130 pugna
752 1047 895 1130 equitum
922 1051 955 1111 et
976 1068 1066 1130 prae·
1085 1067 1117 1117 25

59 1133 1067 1307 ggquffioeqsqpgqqcrcqmeaqqqqqnqqqqp

59 1313 182 1395 temque
210 1332 270 1394 per
296 1310 417 1376 medios
439 1310 548 1376 hostes
572 1312 760 1375 consecutus
783 1331 821 1373 ex
843 1331 924 1394 equo
947 1312 1066 1395 praeci-

60 1397 172 1480 pitavit
201 1402 236 1464 et
265 1399 444 1464 obluctanti
472 1399 579 1484 gladio
608 1401 705 1481 caput
731 1397 881 1481 dempsit,
912 1400 997 1481 quod
1019 1421 1066 1464 re·

60 1485 159 1550 latum
181 1508 304 1568 magna
326 1509 398 1552 cum
421 1487 515 1551 laude
538 1490 612 1551 ante
634 1486 721 1570 regis
744 1486 840 1570 pedes
863 1486 979 1570 posuit.

496 1642 573 1710 Ore.
596 1644 635 1709 X.

17 1728 53 1792 39
145 1749 252 1814 Biduo
274 1749 321 1813 ibi
344 1750 462 1814 stativa
479 1771 535 1814 rex
552 1750 680 1815 habuit:
703 1752 737 1815 in
755 1752 937 1835 proximum
954 1750 1067 1815 deinde
1087 1772 1101 1820 r

62 1837 262 1916 pronuntiari
288 1838 346 1902 aar
372 1837 475 1902 iussit
525 1836 587 1902 Sed
617 1839 722 1922 prima
752 1839 818 1903 fere
849 1839 960 1924 vigilia
990 1839 1102 1910 lunae

64 1921 208 1990 deficiens
235 1925 377 2009 primum
403 1925 541 1990 nitorem
564 1925 675 1990 sideris
699 1927 748 1990 sui
771 1927 925 2011 condidit,
954 1927 1067 1991 deinde

65 2013 225 2096 sanguinis
249 2014 354 2078 colore
377 2013 497 2078 suffuso
520 2015 629 2078 lumen
651 2035 745 2079 omne
768 2014 921 2100 foedavit,
951 2016 1066 2080 sollici-

64 2097 162 2182 tisque
180 2102 242 2166 sub
260 2101 368 2185 ipsum
384 2101 470 2165 tanti
488 2101 679 2167 discriminis
699 2123 809 2167 casum
824 2104 939 2189 ingens
952 2104 1066 2189 religio

66 2188 152 2252 etex
174 2210 213 2253 ea
236 2189 373 2255 formido
397 2189 554 2273 quaedam
575 2190 704 2255 incussa
727 2193 783 2256 est.
819 2190 877 2256 Dis
900 2192 1009 2256 invitis
1031 2193 1067 2256 in
1086 2214 1101 2262 a

66 2273 188 2342 ultimas
215 2281 320 2342 terras
347 2277 433 2341 trahi
456 2299 490 2343 se
513 2279 738 2362 querebantur:
766 2279 832 2344 iam
853 2301 913 2344 nec
934 2280 1068 2345 flumina

66 2381 152 2440 posse
189 2365 272 2431 adiri
307 2386 366 2429 nec
397 2366 502 2430 sidera
531 2367 702 2450 pristinum
739 2389 863 2433 servare
899 2368 1067 2452 fulgorem,

67 2453 167 2516 vastas
193 2457 311 2536 terras,
343 2453 468 2518 deserta
495 2455 603 2519 omnia
630 2477 805 2520 occurrere:
837 2457 872 2520 in
894 2456 988 2519 unius
1010 2456 1067 2520 ho·

67 2537 156 2604 minis
195 2541 403 2606 iactationem
446 2545 497 2607 tot
534 2543 658 2607 milium
695 2543 884 2628 sanguinem
919 2543 1066 2626 inpendi:

67 2621 187 2694 fastidio
215 2651 286 2694 esse
308 2630 455 2713 patriam,
477 2631 617 2696 abdicari
635 2631 820 2716 Philippum
842 2633 975 2714 patrem,
998 2651 1065 2694 cae-

66 2709 127 2776 lum
148 2719 241 2782 vanis
259 2718 508 2802 cogitationibus
526 2722 642 2803 petere.
673 2717 743 2783 Iam
760 2739 858 2802 prope
878 2718 1066 2782 seditionem
1084 2739 1101 2787 4

67 2817 112 2862 res
138 2809 219 2890 erat,
251 2807 387 2870 eumad
410 2807 518 2871 omnia
539 2807 703 2871 interritus
727 2807 821 2870 duces
844 2807 1066 2890 principesque

68 2887 198 2956 militum
220 2893 404 2978 frequentes
423 2894 532 2959 adesse
550 2895 711 2979 praetorio
736 2894 849 2974 [iubet]
872 2895 1066 2980 Aegyptios·

70 2992 123 3054 quc
145 2984 245 3065 vates,
267 3003 347 3065 quos
371 2983 450 3047 caeli
473 3005 510 3047 ac
533 2983 671 3047 siderum
689 2982 899 3066 peritissimos
918 3004 987 3047 esse
1002 3005 1066 3048 cre·

70 3059 171 3149 debat,
203 3069 278 3153 quid
306 3070 472 3154 sentirent,
504 3091 687 3154 expromere
709 3070 806 3137 iubet
850 3071 897 3135 At
917 3071 979 3154 illi,
1011 3072 1101 3156 quis

71 3150 141 3214 sutis
170 3157 288 3221 scireut
309 3161 489 3242 temporum
516 3158 609 3222 orbes
635 3159 757 3242 inplere
784 3160 959 3224 destinatas
982 3160 1066 3224 vices

70 3232 232 3326 lunamque
260 3245 407 3329 deficere,
439 3267 510 3310 cum
539 3250 594 3310 eut
619 3249 738 3311 terram
765 3248 887 3312 subiret
918 3250 974 3312 aut
1000 3249 1066 3312 sole

70 3340 267 3415 premeretur,
306 3335 465 3398 rationem
501 3335 628 3417 quidem
667 3335 746 3419 ipsis
781 3338 965 3420 perceptam
1000 3356 1066 3399 non

71 3409 195 3506 edocent
220 3421 351 3506 vulgus:
383 3426 522 3487 ceterum
548 3423 718 3487 adfirmant
740 3424 841 3488 solem
863 3422 1100 3508 Graecorum,e

73 3507 172 3568 lunam
194 3529 263 3574 esse
276 3508 456 3593 Persarum,
478 3511 688 3596 quotiensque
706 3510 764 3575 illa
782 3511 916 3595 deficiat,
938 3512 1066 3575 ruinam

73 3585 262 3680 slregemque
284 3597 348 3662 illis
372 3599 520 3683 gentibus
543 3600 704 3683 portendi:
727 3602 897 3683 veteraque
920 3600 1066 3683 exempla
