2600 4096
242 218 308 282 174
610 217 643 280 Q.
661 215 773 270 culm
789 216 877 271 RUFI

189 382 224 433 aa
241 367 371 428 terram.
408 360 569 446 Hypsides
585 363 715 444 poterat
736 360 865 443 quidem
882 359 1034 444 effugere,
1050 359 1107 424 sed
1124 360 1228 424 amisso

242 451 345 517 amieo
362 451 447 515 mori
463 449 588 513 statuit
620 447 696 513 Una
707 453 777 511 erat
790 470 876 531 eura,
887 470 929 512 ne
941 448 1066 512 inultus
1079 447 1229 512 occideret

240 538 356 624 Itaque
383 537 521 603 subditis
552 536 730 600 salaribus
756 557 839 620 equo
866 537 903 600 in
927 536 1052 601 medios
1078 535 1177 600 hostis
1201 556 1229 600 se

241 627 365 692 inmisit
389 631 424 690 et
448 624 651 689 memorabili
676 624 763 688 edita
787 644 899 708 pugna
923 625 1059 688 obrutus
1085 625 1158 689 telis
1181 633 1230 687 est

189 735 225 785 aa
243 715 336 792 Quod
354 714 410 779 ubi
426 713 547 790 ridere,
565 713 622 796 qui
638 712 730 776 caedi
746 716 947 796 supererant,
968 712 1131 776 tumulum
1145 711 1230 796 paulo

242 825 340 889 quam
356 805 463 866 cetera
479 801 647 865 editiorem
666 802 811 884 capiunt:
833 821 914 885 quos
932 799 1137 883 Spitamenes
1158 799 1231 862 fame

242 893 277 956 in
299 890 493 954 deditionem
510 889 701 953 subacturus
719 888 856 952 obsedit
895 885 1046 952 Cecidere
1063 909 1102 952 eo
1120 888 1230 972 proeho

189 999 225 1048 39
241 978 386 1062 peditum
402 995 429 1041 11
446 977 547 1062 milia,
560 993 624 1043 coc
640 976 773 1060 equites.
808 975 912 1052 Quam
924 976 1048 1041 cladem
1061 975 1231 1041 Alexander

242 1066 368 1131 sollerti
393 1066 528 1130 consilio
555 1063 651 1141 texit,
681 1068 787 1129 morte
816 1064 1006 1129 denuntiata
1031 1063 1088 1147 iis,
1118 1064 1171 1148 qui
1198 1085 1231 1128 er

243 1154 369 1238 proelio
392 1153 600 1235 advenerant,
622 1153 650 1217 si
672 1157 746 1216 acta
766 1152 964 1236 vulgaasent

645 1308 726 1375 Cle.
747 1309 838 1375 Vlll

209 1438 223 1487 1
330 1415 481 1484 Ceterum
494 1438 566 1481 curn
580 1416 688 1480 animo
706 1415 866 1500 disparem
878 1416 1005 1480 vultum
1023 1416 1144 1482 diutius
1159 1413 1267 1481 ierrett

241 1529 308 1572 non
329 1510 452 1592 posset,
478 1505 513 1569 in
533 1505 776 1569 tabernaculum
797 1525 894 1588 super
914 1505 1019 1588 ripam
1043 1505 1180 1570 fluminis
1198 1504 1231 1568 de

207 1595 402 1663 nindustria
426 1594 568 1658 locatum
594 1591 735 1657 secessit
783 1591 834 1656 Ibi
860 1592 930 1656 sine
957 1592 1090 1657 arbitris
1116 1593 1233 1676 singule

242 1683 344 1748 animi
360 1681 509 1748 consulta
525 1679 687 1765 pensando
704 1682 834 1745 noctem
851 1680 974 1764 vigiliis
992 1681 1133 1746 extraxit
1149 1701 1232 1764 saepe

241 1772 382 1856 pellibus
404 1769 606 1834 tabernaculi
628 1767 797 1850 adlevatis,
822 1772 860 1832 ut
881 1768 1081 1851 conspiceret
1100 1769 1233 1834 hostium

241 1861 347 1944 ignes,
374 1858 530 1943 equibus
558 1857 735 1922 coniectare
762 1859 904 1940 poterat,
931 1861 1052 1940 quanta
1076 1857 1233 1922 hominum

206 1967 222 2014 3
241 1947 415 2012 multitudo
433 1950 527 2011 esset.
560 1945 693 2030 Iamque
715 1945 771 2008 lux
788 1944 969 2029 adpetebat,
986 1966 1059 2009 cum
1076 1945 1232 2011 thoracem

241 2034 373 2099 indutus
395 2035 539 2118 procedit
560 2033 601 2098 ad
622 2032 755 2110 milites,
777 2036 847 2096 tum
867 2033 1007 2115 primum
1028 2038 1106 2117 poet
1129 2034 1232 2098 vulnus

206 2121 387 2205 aproxime
418 2125 591 2205 acceptum.
640 2121 746 2185 Tanta
777 2124 848 2184 erat
878 2119 961 2204 apud
992 2142 1047 2185 eos
1078 2120 1233 2188 veneratio

202 2281 205 2286 ,
241 2209 342 2292 regis,
363 2211 401 2272 nt
417 2208 513 2272 facile
530 2209 677 2292 periculi,
696 2208 782 2292 qnod
799 2207 988 2290 horrebant,
1010 2209 1233 2292 cogitationem

206 2297 421 2381 opraesentia
448 2296 515 2360 eius
542 2300 713 2361 excuteret
755 2295 850 2360 Laeti
871 2316 948 2380 ergo
975 2299 1009 2360 et
1035 2298 1232 2362 manantibus

241 2385 359 2472 gaudio
390 2383 533 2449 lacrimis
565 2385 769 2448 consalutant
795 2405 867 2448 eum
897 2387 944 2468 et,
975 2383 1060 2466 quod
1092 2389 1167 2450 ante
1192 2406 1233 2449 re-

206 2495 222 2543 o
240 2477 430 2540 curaverant
450 2471 584 2556 bellum,
605 2472 728 2537 feroces
750 2472 936 2554 deposcunt.
977 2471 1039 2537 llle
1061 2474 1233 2539 aetatibus

241 2563 381 2648 equitem
393 2561 651 2646 phalangemque
659 2563 954 2644 transportaturum
962 2581 1033 2624 esse
1045 2561 1235 2644 pronuntiat,

207 2671 337 2735 rsuper
358 2654 447 2715 utres
470 2649 561 2714 iubet
576 2670 652 2714 nare
674 2649 776 2714 levius
794 2651 946 2713 armatos.
983 2647 1083 2713 Plura
1097 2671 1158 2715 nee
1179 2648 1235 2713 dici

240 2760 291 2802 res
315 2737 508 2803 desideravit
529 2758 588 2802 neo
611 2760 667 2802 rex
689 2735 793 2801 dicere
815 2757 872 2820 per
894 2736 1104 2801 valitudinem
1128 2737 1235 2822 potuit.

206 2822 391 2892 scelerum
416 2829 510 2891 tanta
536 2825 704 2890 alacritate
730 2824 871 2888 militum
892 2827 980 2889 rates
1006 2825 1135 2890 iunctae
1157 2828 1237 2904 sunt,

241 2916 278 2976 ut
296 2912 382 2975 intra
397 2914 539 2978 triduum
557 2912 597 2978 ad
615 2931 665 2978 ΧΠ
682 2912 772 2977 milia
790 2912 920 2976 effectae
939 2911 1013 2977 sint
1050 2911 1182 2997 Iamque
1200 2912 1237 2977 ad

240 2999 471 3065 transeundum
489 3002 597 3066 omnia
615 3003 818 3084 aptaverant,
841 3021 912 3064 eum
930 2999 1032 3084 legati
1048 2998 1238 3086 Scytharum

241 3104 298 3171 xx,
316 3109 405 3152 more
423 3089 527 3172 gentis
546 3110 604 3173 per
621 3092 727 3154 castra
745 3088 835 3173 equis
853 3088 948 3171 vecti,
965 3088 1113 3154 nuntiare
1130 3090 1239 3154 iubent

207 3195 224 3242 a
242 3175 325 3260 regi,
354 3175 435 3240 velle
457 3176 546 3259 ipsos
568 3177 609 3241 ad
631 3198 703 3242 eum
725 3176 879 3241 mandata
904 3176 1054 3259 perferre.
1098 3174 1238 3242 Admissi

241 3263 275 3326 in
298 3262 539 3327 tabernaculum
561 3264 704 3349 iussique
727 3263 890 3330 considere
912 3264 946 3328 in
968 3265 1061 3329 vultu
1080 3265 1166 3351 regis
1189 3265 1238 3328 dc·

241 3350 377 3415 fixerant
395 3351 517 3416 oculos:
542 3352 650 3438 credo,
673 3353 744 3437 quis
766 3352 987 3437 magnitudine
1011 3355 1152 3435 corporis
1175 3352 1238 3416 ani-

242 3460 329 3502 mum
367 3438 611 3505 aestimantibus
647 3441 789 3505 modicus
828 3439 958 3505 habitus
994 3440 1238 3526 haudquaquam

190 3544 223 3593 10
241 3523 346 3590 lamae
372 3548 430 3609 par
457 3526 631 3591 videbatur.
675 3525 805 3611 Scythis
836 3530 944 3593 autem
970 3548 1036 3593 non
1063 3533 1101 3593 ut
1127 3529 1239 3594 ceteris

242 3611 389 3678 barbaris
409 3613 498 3678 rudis
518 3616 550 3678 ct
567 3614 748 3680 inconditus
767 3637 879 3681 sensus
898 3619 959 3681 est:
983 3616 1112 3700 quidum
1130 3637 1239 3682 eorum
