<?xml version="1.0" encoding="UTF-8"?>
<!DOCTYPE html PUBLIC "-//W3C//DTD XHTML 1.0 Transitional//EN"
    "http://www.w3.org/TR/xhtml1/DTD/xhtml1-transitional.dtd">
<html xmlns="http://www.w3.org/1999/xhtml" xml:lang="en" lang="en">
 <head>
  <title>
</title>
<meta http-equiv="Content-Type" content="text/html;charset=utf-8" />
  <meta name='ocr-system' content='tesseract 3.04.00' />
  <meta name='ocr-capabilities' content='ocr_page ocr_carea ocr_par ocr_line ocrx_word'/>
</head>
<body>
  <div class='ocr_page' id='page_1' title='image "./qcurtirufihisto04rufugoog_0080.png"; bbox 0 0 2552 4108; ppageno 0'>
   <div class='ocr_carea' id='block_1_1' title="bbox 199 145 835 222">
    <p class='ocr_par' dir='ltr' id='par_1_1' title="bbox 199 145 835 222">
     <span class='ocr_line' id='line_1_1' title="bbox 199 145 835 222; baseline -0.017 -12"><span class='ocrx_word' id='word_1_1' title='bbox 199 153 242 222; x_wconf 79' lang='grc'><strong>48</strong></span> <span class='ocrx_word' id='word_1_2' title='bbox 572 149 603 214; x_wconf 83' lang='lat' dir='ltr'><strong>Q.</strong></span> <span class='ocrx_word' id='word_1_3' title='bbox 623 147 731 204; x_wconf 78' lang='lat' dir='ltr'>CURTI</span> <span class='ocrx_word' id='word_1_4' title='bbox 749 145 835 200; x_wconf 81' lang='lat' dir='ltr'><strong>RUl&#39;I</strong></span> 
     </span>
    </p>
   </div>
   <div class='ocr_carea' id='block_1_2' title="bbox 151 286 1220 824">
    <p class='ocr_par' dir='ltr' id='par_1_2' title="bbox 151 286 1220 824">
     <span class='ocr_line' id='line_1_2' title="bbox 200 286 1219 385; baseline -0.013 -20"><span class='ocrx_word' id='word_1_5' title='bbox 200 299 332 385; x_wconf 82' lang='lat' dir='ltr'><strong>sanguis</strong></span> <span class='ocrx_word' id='word_1_6' title='bbox 368 318 499 363; x_wconf 89' lang='lat' dir='ltr'><strong>manare</strong></span> <span class='ocrx_word' id='word_1_7' title='bbox 535 295 642 378; x_wconf 86' lang='lat' dir='ltr'><strong>eoepit</strong></span> <span class='ocrx_word' id='word_1_8' title='bbox 677 293 825 358; x_wconf 92' lang='lat' dir='ltr'><strong>omnibus</strong></span> <span class='ocrx_word' id='word_1_9' title='bbox 856 289 989 372; x_wconf 87' lang='lat' dir='ltr'><strong>territis,</strong></span> <span class='ocrx_word' id='word_1_10' title='bbox 1024 286 1103 372; x_wconf 87' lang='lat' dir='ltr'><strong>quia</strong></span> <span class='ocrx_word' id='word_1_11' title='bbox 1137 309 1219 372; x_wconf 91' lang='lat' dir='ltr'><strong>non,</strong></span> 
     </span>
     <span class='ocr_line' id='line_1_3' title="bbox 201 379 1219 473; baseline -0.013 -20"><span class='ocrx_word' id='word_1_12' title='bbox 201 410 297 473; x_wconf 88' lang='lat' dir='ltr'><strong>quam</strong></span> <span class='ocrx_word' id='word_1_13' title='bbox 320 389 384 452; x_wconf 87' lang='lat' dir='ltr'><strong>alte</strong></span> <span class='ocrx_word' id='word_1_14' title='bbox 407 386 607 471; x_wconf 72' lang='lat' dir='ltr'><strong>penetrasset</strong></span> <span class='ocrx_word' id='word_1_15' title='bbox 624 382 733 464; x_wconf 91' lang='lat' dir='ltr'><strong>telum,</strong></span> <span class='ocrx_word' id='word_1_16' title='bbox 755 381 854 445; x_wconf 89' lang='lat' dir='ltr'><strong>lorica</strong></span> <span class='ocrx_word' id='word_1_17' title='bbox 876 379 1026 443; x_wconf 89' lang='lat' dir='ltr'><strong>obstante</strong></span> <span class='ocrx_word' id='word_1_18' title='bbox 1047 397 1219 461; x_wconf 85' lang='lat' dir='ltr'><strong>cognove-</strong></span> 
     </span>
     <span class='ocr_line' id='line_1_4' title="bbox 200 464 1220 560; baseline -0.014 -19"><span class='ocrx_word' id='word_1_19' title='bbox 200 480 283 541; x_wconf 89' lang='lat' dir='ltr'><strong>rant.</strong></span> <span class='ocrx_word' id='word_1_20' title='bbox 326 474 399 560; x_wconf 91' lang='lat' dir='ltr'><strong>Ipse</strong></span> <span class='ocrx_word' id='word_1_21' title='bbox 431 494 472 537; x_wconf 89' lang='lat' dir='ltr'><strong>ne</strong></span> <span class='ocrx_word' id='word_1_22' title='bbox 505 471 570 536; x_wconf 90' lang='lat' dir='ltr'><strong>oris</strong></span> <span class='ocrx_word' id='word_1_23' title='bbox 602 470 729 555; x_wconf 92' lang='lat' dir='ltr'><strong>quidem</strong></span> <span class='ocrx_word' id='word_1_24' title='bbox 760 468 866 533; x_wconf 87' lang='lat' dir='ltr'><strong>colore</strong></span> <span class='ocrx_word' id='word_1_25' title='bbox 895 469 1020 531; x_wconf 87' lang='lat' dir='ltr'><strong>mutato</strong></span> <span class='ocrx_word' id='word_1_26' title='bbox 1050 464 1220 549; x_wconf 86' lang='lat' dir='ltr'>supprimi</span> 
     </span>
     <span class='ocr_line' id='line_1_5' title="bbox 151 553 1220 650; baseline -0.017 -16"><span class='ocrx_word' id='word_1_27' title='bbox 151 587 182 636; x_wconf 79' lang='lat'><strong>19</strong></span> <span class='ocrx_word' id='word_1_28' title='bbox 201 565 392 650; x_wconf 82' lang='lat' dir='ltr'><strong>sanguinem</strong></span> <span class='ocrx_word' id='word_1_29' title='bbox 426 565 458 625; x_wconf 88' lang='lat' dir='ltr'><strong>et</strong></span> <span class='ocrx_word' id='word_1_30' title='bbox 489 560 606 626; x_wconf 83' lang='lat' dir='ltr'><strong>vulnus</strong></span> <span class='ocrx_word' id='word_1_31' title='bbox 635 557 772 642; x_wconf 86' lang='lat' dir='ltr'><strong>obligari</strong></span> <span class='ocrx_word' id='word_1_32' title='bbox 797 556 898 621; x_wconf 90' lang='lat' dir='ltr'><strong>iussit.</strong></span> <span class='ocrx_word' id='word_1_33' title='bbox 942 553 1007 619; x_wconf 90' lang='lat' dir='ltr'><strong>Diu</strong></span> <span class='ocrx_word' id='word_1_34' title='bbox 1035 557 1114 618; x_wconf 87' lang='lat' dir='ltr'><strong>ante</strong></span> <span class='ocrx_word' id='word_1_35' title='bbox 1144 555 1220 637; x_wconf 85' lang='lat' dir='ltr'><strong>ipsa</strong></span> 
     </span>
     <span class='ocr_line' id='line_1_6' title="bbox 202 643 1220 738; baseline -0.014 -20"><span class='ocrx_word' id='word_1_36' title='bbox 202 655 295 738; x_wconf 85' lang='lat' dir='ltr'><strong>signa</strong></span> <span class='ocrx_word' id='word_1_37' title='bbox 317 652 369 718; x_wconf 84' lang='lat' dir='ltr'><strong>vel</strong></span> <span class='ocrx_word' id='word_1_38' title='bbox 392 648 592 714; x_wconf 90' lang='lat' dir='ltr'><strong>dissimulato</strong></span> <span class='ocrx_word' id='word_1_39' title='bbox 615 647 666 711; x_wconf 86' lang='lat' dir='ltr'><strong>vel</strong></span> <span class='ocrx_word' id='word_1_40' title='bbox 687 647 771 711; x_wconf 85' lang='lat' dir='ltr'><strong>vieto</strong></span> <span class='ocrx_word' id='word_1_41' title='bbox 791 645 900 709; x_wconf 90' lang='lat' dir='ltr'><strong>dolore</strong></span> <span class='ocrx_word' id='word_1_42' title='bbox 918 643 1114 727; x_wconf 87' lang='lat' dir='ltr'><strong>perstiterat,</strong></span> <span class='ocrx_word' id='word_1_43' title='bbox 1142 664 1220 706; x_wconf 88' lang='lat' dir='ltr'><strong>curn</strong></span> 
     </span>
     <span class='ocr_line' id='line_1_7' title="bbox 202 731 1220 824; baseline -0.013 -18"><span class='ocrx_word' id='word_1_44' title='bbox 202 759 391 824; x_wconf 86' lang='lat' dir='ltr'><strong>suppressus</strong></span> <span class='ocrx_word' id='word_1_45' title='bbox 414 738 511 822; x_wconf 88' lang='lat' dir='ltr'><strong>paulo</strong></span> <span class='ocrx_word' id='word_1_46' title='bbox 539 741 614 800; x_wconf 88' lang='lat' dir='ltr'><strong>ante</strong></span> <span class='ocrx_word' id='word_1_47' title='bbox 641 734 772 820; x_wconf 79' lang='lat' dir='ltr'><strong>sanguis</strong></span> <span class='ocrx_word' id='word_1_48' title='bbox 799 731 1045 815; x_wconf 80' lang='lat' dir='ltr'><strong>medicamenta,</strong></span> <span class='ocrx_word' id='word_1_49' title='bbox 1074 752 1143 814; x_wconf 90' lang='lat' dir='ltr'><strong>quo</strong></span> <span class='ocrx_word' id='word_1_50' title='bbox 1171 752 1220 794; x_wconf 87' lang='lat' dir='ltr'><strong>re·</strong></span> 
     </span>
    </p>
   </div>
   <div class='ocr_carea' id='block_1_3' title="bbox 149 819 1254 3636">
    <p class='ocr_par' dir='ltr' id='par_1_3' title="bbox 149 819 1254 3636">
     <span class='ocr_line' id='line_1_8' title="bbox 202 819 1220 910; baseline -0.01 -18"><span class='ocrx_word' id='word_1_51' title='bbox 202 831 310 892; x_wconf 88' lang='lat' dir='ltr'><strong>tentus</strong></span> <span class='ocrx_word' id='word_1_52' title='bbox 334 829 416 910; x_wconf 90' lang='lat' dir='ltr'><strong>erat,</strong></span> <span class='ocrx_word' id='word_1_53' title='bbox 443 846 574 889; x_wconf 91' lang='lat' dir='ltr'><strong>manare</strong></span> <span class='ocrx_word' id='word_1_54' title='bbox 596 823 717 908; x_wconf 86' lang='lat' dir='ltr'><strong>largius</strong></span> <span class='ocrx_word' id='word_1_55' title='bbox 749 822 866 904; x_wconf 86' lang='lat' dir='ltr'><strong>coepit,</strong></span> <span class='ocrx_word' id='word_1_56' title='bbox 899 822 931 884; x_wconf 92' lang='lat' dir='ltr'><strong>et</strong></span> <span class='ocrx_word' id='word_1_57' title='bbox 961 819 1093 902; x_wconf 80' lang='lat' dir='ltr'><strong>vulnus,</strong></span> <span class='ocrx_word' id='word_1_58' title='bbox 1124 819 1220 902; x_wconf 93' lang='lat' dir='ltr'><strong>quod</strong></span> 
     </span>
     <span class='ocr_line' id='line_1_9' title="bbox 202 908 1220 999; baseline -0.008 -19"><span class='ocrx_word' id='word_1_59' title='bbox 202 920 315 999; x_wconf 88' lang='lat' dir='ltr'><strong>tepens</strong></span> <span class='ocrx_word' id='word_1_60' title='bbox 338 914 443 978; x_wconf 90' lang='lat' dir='ltr'><strong>adhuc</strong></span> <span class='ocrx_word' id='word_1_61' title='bbox 465 913 607 978; x_wconf 90' lang='lat' dir='ltr'><strong>dolorem</strong></span> <span class='ocrx_word' id='word_1_62' title='bbox 630 933 697 977; x_wconf 91' lang='lat' dir='ltr'><strong>non</strong></span> <span class='ocrx_word' id='word_1_63' title='bbox 719 913 871 991; x_wconf 84' lang='lat' dir='ltr'><strong>moverat,</strong></span> <span class='ocrx_word' id='word_1_64' title='bbox 893 908 1029 992; x_wconf 83' lang='lat' dir='ltr'><strong>frigente</strong></span> <span class='ocrx_word' id='word_1_65' title='bbox 1051 909 1220 991; x_wconf 84' lang='lat' dir='ltr'><strong>sanguine</strong></span> 
     </span>
     <span class='ocr_line' id='line_1_10' title="bbox 149 996 1221 1085; baseline -0.008 -18"><span class='ocrx_word' id='word_1_66' title='bbox 149 1027 184 1076; x_wconf 80' lang='lat'><strong>20</strong></span> <span class='ocrx_word' id='word_1_67' title='bbox 203 1003 364 1067; x_wconf 88' lang='lat' dir='ltr'><strong>intumuit.</strong></span> <span class='ocrx_word' id='word_1_68' title='bbox 401 1001 518 1085; x_wconf 87' lang='lat' dir='ltr'><strong>Linqui</strong></span> <span class='ocrx_word' id='word_1_69' title='bbox 540 1001 654 1065; x_wconf 90' lang='lat' dir='ltr'><strong>deinde</strong></span> <span class='ocrx_word' id='word_1_70' title='bbox 677 999 784 1065; x_wconf 90' lang='lat' dir='ltr'><strong>animo</strong></span> <span class='ocrx_word' id='word_1_71' title='bbox 807 1002 840 1061; x_wconf 90' lang='lat' dir='ltr'><strong>et</strong></span> <span class='ocrx_word' id='word_1_72' title='bbox 862 996 1008 1061; x_wconf 89' lang='lat' dir='ltr'><strong>submitti</strong></span> <span class='ocrx_word' id='word_1_73' title='bbox 1030 1017 1119 1080; x_wconf 88' lang='lat' dir='ltr'><strong>genu</strong></span> <span class='ocrx_word' id='word_1_74' title='bbox 1144 1017 1221 1061; x_wconf 87' lang='lat' dir='ltr'><strong>coe·</strong></span> 
     </span>
     <span class='ocr_line' id='line_1_11' title="bbox 202 1083 1221 1175; baseline -0.008 -20"><span class='ocrx_word' id='word_1_75' title='bbox 202 1092 264 1175; x_wconf 91' lang='lat' dir='ltr'><strong>pit:</strong></span> <span class='ocrx_word' id='word_1_76' title='bbox 288 1111 382 1174; x_wconf 90' lang='lat' dir='ltr'><strong>quem</strong></span> <span class='ocrx_word' id='word_1_77' title='bbox 404 1090 542 1174; x_wconf 85' lang='lat' dir='ltr'><strong>proximi</strong></span> <span class='ocrx_word' id='word_1_78' title='bbox 564 1091 730 1172; x_wconf 88' lang='lat' dir='ltr'><strong>exceptum</strong></span> <span class='ocrx_word' id='word_1_79' title='bbox 752 1087 787 1151; x_wconf 93' lang='lat' dir='ltr'><strong>in</strong></span> <span class='ocrx_word' id='word_1_80' title='bbox 809 1090 914 1150; x_wconf 88' lang='lat' dir='ltr'><strong>eastra</strong></span> <span class='ocrx_word' id='word_1_81' title='bbox 936 1087 1134 1168; x_wconf 85' lang='lat' dir='ltr'><strong>receperunt</strong></span> <span class='ocrx_word' id='word_1_82' title='bbox 1175 1083 1221 1148; x_wconf 84' lang='lat' dir='ltr'><strong>Et</strong></span> 
     </span>
     <span class='ocr_line' id='line_1_12' title="bbox 202 1172 1220 1256; baseline -0.007 -14"><span class='ocrx_word' id='word_1_83' title='bbox 202 1178 291 1242; x_wconf 86' lang='lat' dir='ltr'><strong>Betis</strong></span> <span class='ocrx_word' id='word_1_84' title='bbox 318 1179 521 1244; x_wconf 87' lang='lat' dir='ltr'><strong>interfectum</strong></span> <span class='ocrx_word' id='word_1_85' title='bbox 546 1180 637 1242; x_wconf 88' lang='lat' dir='ltr'><strong>ratus</strong></span> <span class='ocrx_word' id='word_1_86' title='bbox 664 1177 776 1240; x_wconf 87' lang='lat' dir='ltr'><strong>urbem</strong></span> <span class='ocrx_word' id='word_1_87' title='bbox 803 1195 903 1238; x_wconf 82' lang='lat' dir='ltr'><strong>orans</strong></span> <span class='ocrx_word' id='word_1_88' title='bbox 926 1172 1061 1238; x_wconf 85' lang='lat' dir='ltr'><strong>victoria</strong></span> <span class='ocrx_word' id='word_1_89' title='bbox 1083 1174 1220 1256; x_wconf 85' lang='lat' dir='ltr'><strong>repetit</strong></span> 
     </span>
     <span class='ocr_line' id='line_1_13' title="bbox 150 1257 1254 1348; baseline -0.017 -9"><span class='ocrx_word' id='word_1_90' title='bbox 150 1289 182 1338; x_wconf 80' lang='lat'><strong>21</strong></span> <span class='ocrx_word' id='word_1_91' title='bbox 203 1267 248 1331; x_wconf 82' lang='lat' dir='ltr'><strong>At</strong></span> <span class='ocrx_word' id='word_1_92' title='bbox 279 1267 462 1334; x_wconf 84' lang='lat' dir='ltr'><strong>Alexander</strong></span> <span class='ocrx_word' id='word_1_93' title='bbox 498 1266 643 1331; x_wconf 90' lang='lat' dir='ltr'><strong>nondum</strong></span> <span class='ocrx_word' id='word_1_94' title='bbox 677 1265 847 1348; x_wconf 76' lang='lat' dir='ltr'><strong>percurato</strong></span> <span class='ocrx_word' id='word_1_95' title='bbox 881 1262 1012 1326; x_wconf 84' lang='lat' dir='ltr'><strong>vulnere</strong></span> <span class='ocrx_word' id='word_1_96' title='bbox 1050 1281 1219 1345; x_wconf 84' lang='lat' dir='ltr'><strong>aggerem,</strong></span> <span class='ocrx_word' id='word_1_97' title='bbox 1228 1257 1254 1320; x_wconf 73' lang='lat' dir='ltr'><strong>a</strong></span> 
     </span>
     <span class='ocr_line' id='line_1_14' title="bbox 204 1349 1220 1440; baseline -0.009 -19"><span class='ocrx_word' id='word_1_98' title='bbox 204 1377 266 1440; x_wconf 92' lang='lat' dir='ltr'><strong>quo</strong></span> <span class='ocrx_word' id='word_1_99' title='bbox 289 1356 451 1420; x_wconf 88' lang='lat' dir='ltr'><strong>moenium</strong></span> <span class='ocrx_word' id='word_1_100' title='bbox 474 1353 676 1419; x_wconf 77' lang='lat' dir='ltr'><strong>altitudinem</strong></span> <span class='ocrx_word' id='word_1_101' title='bbox 696 1353 856 1436; x_wconf 86' lang='lat' dir='ltr'><strong>aequaret,</strong></span> <span class='ocrx_word' id='word_1_102' title='bbox 879 1349 1033 1414; x_wconf 79' lang='lat' dir='ltr'><strong>exstruxit</strong></span> <span class='ocrx_word' id='word_1_103' title='bbox 1050 1349 1220 1433; x_wconf 89' lang='lat' dir='ltr'><strong>pluribus·</strong></span> 
     </span>
     <span class='ocr_line' id='line_1_15' title="bbox 150 1434 1219 1528; baseline -0.009 -16"><span class='ocrx_word' id='word_1_104' title='bbox 150 1465 183 1514; x_wconf 79' lang='lat'><strong>22</strong></span> <span class='ocrx_word' id='word_1_105' title='bbox 204 1465 264 1528; x_wconf 87' lang='lat' dir='ltr'><strong>que</strong></span> <span class='ocrx_word' id='word_1_106' title='bbox 296 1445 450 1509; x_wconf 85' lang='lat' dir='ltr'><strong>cuniculis</strong></span> <span class='ocrx_word' id='word_1_107' title='bbox 477 1464 585 1507; x_wconf 91' lang='lat' dir='ltr'><strong>muros</strong></span> <span class='ocrx_word' id='word_1_108' title='bbox 613 1441 723 1506; x_wconf 89' lang='lat' dir='ltr'><strong>subrui</strong></span> <span class='ocrx_word' id='word_1_109' title='bbox 748 1439 850 1504; x_wconf 88' lang='lat' dir='ltr'><strong>iussit.</strong></span> <span class='ocrx_word' id='word_1_110' title='bbox 895 1434 1055 1522; x_wconf 91' lang='lat' dir='ltr'><strong>Oppidani</strong></span> <span class='ocrx_word' id='word_1_111' title='bbox 1082 1438 1128 1501; x_wconf 89' lang='lat' dir='ltr'><strong>ad</strong></span> <span class='ocrx_word' id='word_1_112' title='bbox 1150 1438 1219 1521; x_wconf 88' lang='lat' dir='ltr'><strong>pri·</strong></span> 
     </span>
     <span class='ocr_line' id='line_1_16' title="bbox 203 1526 1219 1616; baseline -0.006 -20"><span class='ocrx_word' id='word_1_113' title='bbox 203 1532 324 1597; x_wconf 82' lang='lat' dir='ltr'><strong>atinum</strong></span> <span class='ocrx_word' id='word_1_114' title='bbox 353 1531 522 1616; x_wconf 82' lang='lat' dir='ltr'><strong>fastigium</strong></span> <span class='ocrx_word' id='word_1_115' title='bbox 550 1530 713 1594; x_wconf 89' lang='lat' dir='ltr'><strong>moenium</strong></span> <span class='ocrx_word' id='word_1_116' title='bbox 743 1549 864 1593; x_wconf 85' lang='lat' dir='ltr'><strong>novum</strong></span> <span class='ocrx_word' id='word_1_117' title='bbox 895 1529 1077 1590; x_wconf 85' lang='lat' dir='ltr'><strong>exstruxere</strong></span> <span class='ocrx_word' id='word_1_118' title='bbox 1107 1526 1219 1590; x_wconf 89' lang='lat' dir='ltr'><strong>muni-</strong></span> 
     </span>
     <span class='ocr_line' id='line_1_17' title="bbox 202 1614 1218 1704; baseline -0.007 -20"><span class='ocrx_word' id='word_1_119' title='bbox 202 1624 360 1704; x_wconf 87' lang='lat' dir='ltr'><strong>mentum,</strong></span> <span class='ocrx_word' id='word_1_120' title='bbox 393 1619 448 1683; x_wconf 91' lang='lat' dir='ltr'><strong>sed</strong></span> <span class='ocrx_word' id='word_1_121' title='bbox 477 1640 518 1682; x_wconf 91' lang='lat' dir='ltr'><strong>ne</strong></span> <span class='ocrx_word' id='word_1_122' title='bbox 550 1617 583 1681; x_wconf 93' lang='lat' dir='ltr'><strong>id</strong></span> <span class='ocrx_word' id='word_1_123' title='bbox 615 1617 742 1701; x_wconf 90' lang='lat' dir='ltr'><strong>quidem</strong></span> <span class='ocrx_word' id='word_1_124' title='bbox 772 1620 877 1681; x_wconf 86' lang='lat' dir='ltr'><strong>turres</strong></span> <span class='ocrx_word' id='word_1_125' title='bbox 910 1614 1022 1699; x_wconf 85' lang='lat' dir='ltr'><strong>aggeri</strong></span> <span class='ocrx_word' id='word_1_126' title='bbox 1052 1614 1218 1697; x_wconf 88' lang='lat' dir='ltr'><strong>inpositas</strong></span> 
     </span>
     <span class='ocr_line' id='line_1_18' title="bbox 203 1702 1219 1793; baseline -0.007 -20"><span class='ocrx_word' id='word_1_127' title='bbox 203 1712 332 1793; x_wconf 86' lang='lat' dir='ltr'><strong>poterat</strong></span> <span class='ocrx_word' id='word_1_128' title='bbox 354 1728 499 1793; x_wconf 84' lang='lat' dir='ltr'><strong>aequare.</strong></span> <span class='ocrx_word' id='word_1_129' title='bbox 534 1705 648 1789; x_wconf 87' lang='lat' dir='ltr'><strong>Itaque</strong></span> <span class='ocrx_word' id='word_1_130' title='bbox 670 1705 824 1770; x_wconf 90' lang='lat' dir='ltr'><strong>interiora</strong></span> <span class='ocrx_word' id='word_1_131' title='bbox 842 1724 966 1786; x_wconf 91' lang='lat' dir='ltr'><strong>quoque</strong></span> <span class='ocrx_word' id='word_1_132' title='bbox 984 1702 1073 1768; x_wconf 90' lang='lat' dir='ltr'><strong>urbis</strong></span> <span class='ocrx_word' id='word_1_133' title='bbox 1091 1703 1219 1766; x_wconf 84' lang='lat' dir='ltr'><strong>infesta</strong></span> 
     </span>
     <span class='ocr_line' id='line_1_19' title="bbox 151 1791 1218 1879; baseline -0.009 -15"><span class='ocrx_word' id='word_1_134' title='bbox 151 1818 184 1866; x_wconf 80' lang='lat' dir='ltr'><strong>aa</strong></span> <span class='ocrx_word' id='word_1_135' title='bbox 203 1797 276 1861; x_wconf 89' lang='lat' dir='ltr'><strong>telis</strong></span> <span class='ocrx_word' id='word_1_136' title='bbox 299 1800 400 1860; x_wconf 88' lang='lat' dir='ltr'><strong>erant.</strong></span> <span class='ocrx_word' id='word_1_137' title='bbox 435 1793 558 1860; x_wconf 84' lang='lat' dir='ltr'><strong>Ultima</strong></span> <span class='ocrx_word' id='word_1_138' title='bbox 580 1795 680 1879; x_wconf 88' lang='lat' dir='ltr'><strong>pestis</strong></span> <span class='ocrx_word' id='word_1_139' title='bbox 700 1793 789 1857; x_wconf 89' lang='lat' dir='ltr'><strong>urbis</strong></span> <span class='ocrx_word' id='word_1_140' title='bbox 807 1791 870 1856; x_wconf 90' lang='lat' dir='ltr'><strong>fuit</strong></span> <span class='ocrx_word' id='word_1_141' title='bbox 888 1791 1034 1856; x_wconf 87' lang='lat' dir='ltr'><strong>cuniculo</strong></span> <span class='ocrx_word' id='word_1_142' title='bbox 1057 1791 1218 1855; x_wconf 89' lang='lat' dir='ltr'><strong>subrutus</strong></span> 
     </span>
     <span class='ocr_line' id='line_1_20' title="bbox 203 1877 1218 1968; baseline -0.006 -20"><span class='ocrx_word' id='word_1_143' title='bbox 203 1906 323 1966; x_wconf 91' lang='lat' dir='ltr'><strong>murus,</strong></span> <span class='ocrx_word' id='word_1_144' title='bbox 345 1906 402 1968; x_wconf 90' lang='lat' dir='ltr'><strong>per</strong></span> <span class='ocrx_word' id='word_1_145' title='bbox 425 1884 514 1948; x_wconf 89' lang='lat' dir='ltr'><strong>cuius</strong></span> <span class='ocrx_word' id='word_1_146' title='bbox 536 1884 647 1947; x_wconf 85' lang='lat' dir='ltr'><strong>ruinas</strong></span> <span class='ocrx_word' id='word_1_147' title='bbox 668 1881 772 1947; x_wconf 90' lang='lat' dir='ltr'><strong>bostis</strong></span> <span class='ocrx_word' id='word_1_148' title='bbox 793 1880 935 1944; x_wconf 86' lang='lat' dir='ltr'><strong>intravit</strong></span> <span class='ocrx_word' id='word_1_149' title='bbox 971 1877 1122 1943; x_wconf 85' lang='lat' dir='ltr'><strong>Ducebat</strong></span> <span class='ocrx_word' id='word_1_150' title='bbox 1147 1880 1218 1964; x_wconf 89' lang='lat' dir='ltr'><strong>ipse</strong></span> 
     </span>
     <span class='ocr_line' id='line_1_21' title="bbox 203 1967 1217 2055; baseline -0.005 -20"><span class='ocrx_word' id='word_1_151' title='bbox 203 1993 259 2035; x_wconf 91' lang='lat' dir='ltr'><strong>rex</strong></span> <span class='ocrx_word' id='word_1_152' title='bbox 286 1972 516 2055; x_wconf 82' lang='lat' dir='ltr'><strong>antesignanos</strong></span> <span class='ocrx_word' id='word_1_153' title='bbox 544 1975 588 2053; x_wconf 90' lang='lat' dir='ltr'><strong>et,</strong></span> <span class='ocrx_word' id='word_1_154' title='bbox 620 1972 696 2035; x_wconf 92' lang='lat' dir='ltr'><strong>dum</strong></span> <span class='ocrx_word' id='word_1_155' title='bbox 721 1969 880 2033; x_wconf 82' lang='lat' dir='ltr'><strong>incautius</strong></span> <span class='ocrx_word' id='word_1_156' title='bbox 908 1967 1006 2048; x_wconf 83' lang='lat' dir='ltr'><strong>subit,</strong></span> <span class='ocrx_word' id='word_1_157' title='bbox 1036 1989 1114 2031; x_wconf 88' lang='lat' dir='ltr'><strong>saxo</strong></span> <span class='ocrx_word' id='word_1_158' title='bbox 1142 1990 1217 2033; x_wconf 87' lang='lat' dir='ltr'><strong>crus</strong></span> 
     </span>
     <span class='ocr_line' id='line_1_22' title="bbox 151 2055 1218 2141; baseline -0.001 -20"><span class='ocrx_word' id='word_1_159' title='bbox 151 2081 185 2131; x_wconf 81' lang='lat'><strong>24</strong></span> <span class='ocrx_word' id='word_1_160' title='bbox 205 2058 272 2122; x_wconf 92' lang='lat' dir='ltr'><strong>eius</strong></span> <span class='ocrx_word' id='word_1_161' title='bbox 305 2057 475 2141; x_wconf 83' lang='lat' dir='ltr'><strong>adfligitur.</strong></span> <span class='ocrx_word' id='word_1_162' title='bbox 523 2056 656 2122; x_wconf 88' lang='lat' dir='ltr'><strong>Innixus</strong></span> <span class='ocrx_word' id='word_1_163' title='bbox 687 2061 796 2121; x_wconf 89' lang='lat' dir='ltr'><strong>tamen</strong></span> <span class='ocrx_word' id='word_1_164' title='bbox 826 2056 891 2120; x_wconf 87' lang='lat' dir='ltr'><strong>telo</strong></span> <span class='ocrx_word' id='word_1_165' title='bbox 919 2055 1063 2121; x_wconf 91' lang='lat' dir='ltr'><strong>nondum</strong></span> <span class='ocrx_word' id='word_1_166' title='bbox 1094 2057 1218 2139; x_wconf 89' lang='lat' dir='ltr'><strong>prioris</strong></span> 
     </span>
     <span class='ocr_line' id='line_1_23' title="bbox 203 2142 1218 2229; baseline -0.002 -19"><span class='ocrx_word' id='word_1_167' title='bbox 203 2144 345 2210; x_wconf 89' lang='lat' dir='ltr'><strong>vulneris</strong></span> <span class='ocrx_word' id='word_1_168' title='bbox 373 2144 510 2208; x_wconf 87' lang='lat' dir='ltr'><strong>obducta</strong></span> <span class='ocrx_word' id='word_1_169' title='bbox 537 2145 683 2209; x_wconf 81' lang='lat' dir='ltr'><strong>cicatrice</strong></span> <span class='ocrx_word' id='word_1_170' title='bbox 705 2145 789 2209; x_wconf 88' lang='lat' dir='ltr'><strong>inter</strong></span> <span class='ocrx_word' id='word_1_171' title='bbox 810 2144 965 2229; x_wconf 88' lang='lat' dir='ltr'><strong>primores</strong></span> <span class='ocrx_word' id='word_1_172' title='bbox 988 2142 1134 2228; x_wconf 88' lang='lat' dir='ltr'><strong>dimicat,</strong></span> <span class='ocrx_word' id='word_1_173' title='bbox 1169 2146 1218 2208; x_wconf 87' lang='lat' dir='ltr'><strong>ira</strong></span> 
     </span>
     <span class='ocr_line' id='line_1_24' title="bbox 204 2231 1217 2317; baseline 0 -21"><span class='ocrx_word' id='word_1_174' title='bbox 204 2253 330 2317; x_wconf 89' lang='lat' dir='ltr'><strong>quoque</strong></span> <span class='ocrx_word' id='word_1_175' title='bbox 363 2252 528 2308; x_wconf 86' lang='lat' dir='ltr'><strong>accensus,</strong></span> <span class='ocrx_word' id='word_1_176' title='bbox 560 2232 646 2316; x_wconf 90' lang='lat' dir='ltr'><strong>quod</strong></span> <span class='ocrx_word' id='word_1_177' title='bbox 677 2233 739 2297; x_wconf 90' lang='lat' dir='ltr'><strong>duo</strong></span> <span class='ocrx_word' id='word_1_178' title='bbox 770 2234 805 2297; x_wconf 92' lang='lat' dir='ltr'><strong>in</strong></span> <span class='ocrx_word' id='word_1_179' title='bbox 833 2231 998 2297; x_wconf 89' lang='lat' dir='ltr'><strong>obsidione</strong></span> <span class='ocrx_word' id='word_1_180' title='bbox 1025 2231 1114 2295; x_wconf 85' lang='lat' dir='ltr'><strong>urbis</strong></span> <span class='ocrx_word' id='word_1_181' title='bbox 1146 2233 1217 2296; x_wconf 90' lang='lat' dir='ltr'><strong>eius</strong></span> 
     </span>
     <span class='ocr_line' id='line_1_25' title="bbox 151 2319 1216 2406; baseline -0.001 -21"><span class='ocrx_word' id='word_1_182' title='bbox 151 2342 184 2393; x_wconf 78' lang='lat'><strong>25</strong></span> <span class='ocrx_word' id='word_1_183' title='bbox 203 2321 338 2385; x_wconf 85' lang='lat' dir='ltr'><strong>vulnera</strong></span> <span class='ocrx_word' id='word_1_184' title='bbox 359 2323 533 2403; x_wconf 86' lang='lat' dir='ltr'><strong>acceperat.</strong></span> <span class='ocrx_word' id='word_1_185' title='bbox 569 2319 675 2385; x_wconf 89' lang='lat' dir='ltr'><strong>Betim</strong></span> <span class='ocrx_word' id='word_1_186' title='bbox 695 2321 825 2406; x_wconf 81' lang='lat' dir='ltr'><strong>egregia</strong></span> <span class='ocrx_word' id='word_1_187' title='bbox 846 2321 933 2384; x_wconf 87' lang='lat' dir='ltr'><strong>edita</strong></span> <span class='ocrx_word' id='word_1_188' title='bbox 954 2341 1064 2405; x_wconf 82' lang='lat' dir='ltr'><strong>pugna</strong></span> <span class='ocrx_word' id='word_1_189' title='bbox 1086 2321 1216 2385; x_wconf 91' lang='lat' dir='ltr'><strong>multis-</strong></span> 
     </span>
     <span class='ocr_line' id='line_1_26' title="bbox 205 2408 1217 2492; baseline -0.001 -19"><span class='ocrx_word' id='word_1_190' title='bbox 205 2430 265 2492; x_wconf 89' lang='lat' dir='ltr'><strong>que</strong></span> <span class='ocrx_word' id='word_1_191' title='bbox 288 2408 474 2474; x_wconf 87' lang='lat' dir='ltr'><strong>vulneribus</strong></span> <span class='ocrx_word' id='word_1_192' title='bbox 497 2409 677 2474; x_wconf 87' lang='lat' dir='ltr'><strong>confectum</strong></span> <span class='ocrx_word' id='word_1_193' title='bbox 699 2410 906 2474; x_wconf 87' lang='lat' dir='ltr'><strong>deseruerunt</strong></span> <span class='ocrx_word' id='word_1_194' title='bbox 928 2409 992 2473; x_wconf 88' lang='lat' dir='ltr'><strong>sui:</strong></span> <span class='ocrx_word' id='word_1_195' title='bbox 1019 2429 1078 2472; x_wconf 87' lang='lat' dir='ltr'><strong>nee</strong></span> <span class='ocrx_word' id='word_1_196' title='bbox 1100 2413 1217 2472; x_wconf 88' lang='lat' dir='ltr'><strong>tamen</strong></span> 
     </span>
     <span class='ocr_line' id='line_1_27' title="bbox 204 2497 1217 2584; baseline -0.003 -21"><span class='ocrx_word' id='word_1_197' title='bbox 204 2498 334 2584; x_wconf 85' lang='lat' dir='ltr'><strong>segnius</strong></span> <span class='ocrx_word' id='word_1_198' title='bbox 357 2497 514 2583; x_wconf 90' lang='lat' dir='ltr'><strong>proelium</strong></span> <span class='ocrx_word' id='word_1_199' title='bbox 538 2498 726 2581; x_wconf 83' lang='lat' dir='ltr'><strong>capessebat</strong></span> <span class='ocrx_word' id='word_1_200' title='bbox 747 2497 878 2562; x_wconf 84' lang='lat' dir='ltr'><strong>lubricis</strong></span> <span class='ocrx_word' id='word_1_201' title='bbox 898 2497 994 2560; x_wconf 89' lang='lat' dir='ltr'><strong>armis</strong></span> <span class='ocrx_word' id='word_1_202' title='bbox 1013 2518 1071 2560; x_wconf 90' lang='lat' dir='ltr'><strong>suo</strong></span> <span class='ocrx_word' id='word_1_203' title='bbox 1090 2498 1217 2580; x_wconf 85' lang='lat' dir='ltr'><strong>pariter</strong></span> 
     </span>
     <span class='ocr_line' id='line_1_28' title="bbox 151 2583 1215 2671; baseline -0.008 -14"><span class='ocrx_word' id='word_1_204' title='bbox 151 2608 185 2658; x_wconf 81' lang='lat'><strong>26</strong></span> <span class='ocrx_word' id='word_1_205' title='bbox 204 2590 300 2671; x_wconf 90' lang='lat' dir='ltr'><strong>atque</strong></span> <span class='ocrx_word' id='word_1_206' title='bbox 326 2587 469 2652; x_wconf 90' lang='lat' dir='ltr'><strong>hostium</strong></span> <span class='ocrx_word' id='word_1_207' title='bbox 497 2587 662 2671; x_wconf 81' lang='lat' dir='ltr'><strong>sanguine.</strong></span> <span class='ocrx_word' id='word_1_208' title='bbox 708 2583 769 2650; x_wconf 86' lang='lat' dir='ltr'><strong>Sed</strong></span> <span class='ocrx_word' id='word_1_209' title='bbox 797 2607 869 2650; x_wconf 88' lang='lat' dir='ltr'><strong>eum</strong></span> <span class='ocrx_word' id='word_1_210' title='bbox 896 2585 1035 2668; x_wconf 88' lang='lat' dir='ltr'><strong>undique</strong></span> <span class='ocrx_word' id='word_1_211' title='bbox 1061 2585 1135 2648; x_wconf 85' lang='lat' dir='ltr'><strong>telis</strong></span> <span class='ocrx_word' id='word_1_212' title='bbox 1159 2607 1215 2667; x_wconf 81' lang='lat' dir='ltr'><strong>pe-</strong></span> 
     </span>
     <span class='ocr_line' id='line_1_29' title="bbox 204 2673 1215 2758; baseline 0 -19"><span class='ocrx_word' id='word_1_213' title='bbox 204 2679 327 2758; x_wconf 80' lang='lat' dir='ltr'><strong>teretur,</strong></span> <span class='ocrx_word' id='word_1_214' title='bbox 361 2677 404 2740; x_wconf 84' lang='lat' dir='ltr'><strong>ad</strong></span> <span class='ocrx_word' id='word_1_215' title='bbox 425 2679 612 2757; x_wconf 80' lang='lat' dir='ltr'><strong>postremam</strong></span> <span class='ocrx_word' id='word_1_216' title='bbox 638 2673 1045 2740; x_wconf 60' lang='lat' dir='ltr'><strong>abecedariorum</strong></span> <span class='ocrx_word' id='word_1_217' title='bbox 1071 2675 1107 2738; x_wconf 81' lang='lat' dir='ltr'><strong>in</strong></span> <span class='ocrx_word' id='word_1_218' title='bbox 1127 2679 1215 2755; x_wconf 79' lang='lat' dir='ltr'><strong>pote·</strong></span> 
     </span>
     <span class='ocr_line' id='line_1_30' title="bbox 203 2761 1213 2846; baseline 0.003 -21"><span class='ocrx_word' id='word_1_219' title='bbox 203 2765 312 2826; x_wconf 82' lang='lat' dir='ltr'><strong>statem</strong></span> <span class='ocrx_word' id='word_1_220' title='bbox 333 2762 466 2828; x_wconf 79' lang='lat' dir='ltr'><strong>hostium</strong></span> <span class='ocrx_word' id='word_1_221' title='bbox 481 2765 628 2846; x_wconf 74' lang='lat' dir='ltr'><strong>pervenit.</strong></span> <span class='ocrx_word' id='word_1_222' title='bbox 665 2762 734 2838; x_wconf 82' lang='lat' dir='ltr'><strong>Quo</strong></span> <span class='ocrx_word' id='word_1_223' title='bbox 758 2761 894 2826; x_wconf 90' lang='lat' dir='ltr'><strong>adducto</strong></span> <span class='ocrx_word' id='word_1_224' title='bbox 917 2761 1070 2825; x_wconf 89' lang='lat' dir='ltr'><strong>insolenti</strong></span> <span class='ocrx_word' id='word_1_225' title='bbox 1092 2763 1213 2846; x_wconf 87' lang='lat' dir='ltr'><strong>gaudio</strong></span> 
     </span>
     <span class='ocr_line' id='line_1_31' title="bbox 203 2849 1213 2934; baseline 0.002 -20"><span class='ocrx_word' id='word_1_226' title='bbox 203 2849 328 2914; x_wconf 85' lang='lat' dir='ltr'><strong>iuvenis</strong></span> <span class='ocrx_word' id='word_1_227' title='bbox 355 2851 470 2932; x_wconf 86' lang='lat' dir='ltr'><strong>elatus,</strong></span> <span class='ocrx_word' id='word_1_228' title='bbox 502 2852 581 2915; x_wconf 89' lang='lat' dir='ltr'><strong>alias</strong></span> <span class='ocrx_word' id='word_1_229' title='bbox 609 2851 737 2915; x_wconf 82' lang='lat' dir='ltr'><strong>virtutis</strong></span> <span class='ocrx_word' id='word_1_230' title='bbox 764 2851 861 2913; x_wconf 89' lang='lat' dir='ltr'><strong>etiam</strong></span> <span class='ocrx_word' id='word_1_231' title='bbox 887 2850 922 2914; x_wconf 91' lang='lat' dir='ltr'><strong>in</strong></span> <span class='ocrx_word' id='word_1_232' title='bbox 949 2849 1041 2913; x_wconf 90' lang='lat' dir='ltr'><strong>hoste</strong></span> <span class='ocrx_word' id='word_1_233' title='bbox 1069 2851 1213 2934; x_wconf 88' lang='lat' dir='ltr'><strong>mirator,</strong></span> 
     </span>
     <span class='ocr_line' id='line_1_32' title="bbox 205 2935 1213 3023; baseline 0.002 -21"><span class='ocrx_word' id='word_1_234' title='bbox 205 2935 309 3020; x_wconf 78' lang='lat' dir='ltr'><strong>‘Non,</strong></span> <span class='ocrx_word' id='word_1_235' title='bbox 336 2940 373 3000; x_wconf 88' lang='lat' dir='ltr'><strong>ut</strong></span> <span class='ocrx_word' id='word_1_236' title='bbox 391 2938 544 3022; x_wconf 84' lang='lat' dir='ltr'><strong>voluisti’,</strong></span> <span class='ocrx_word' id='word_1_237' title='bbox 571 2939 687 3023; x_wconf 91' lang='lat' dir='ltr'><strong>inquit,</strong></span> <span class='ocrx_word' id='word_1_238' title='bbox 714 2937 889 3022; x_wconf 63' lang='lat' dir='ltr'><strong>morieris,</strong></span> <span class='ocrx_word' id='word_1_239' title='bbox 920 2937 975 3001; x_wconf 89' lang='lat' dir='ltr'><strong>sed</strong></span> <span class='ocrx_word' id='word_1_240' title='bbox 997 2938 1154 3021; x_wconf 89' lang='lat' dir='ltr'><strong>quidquid</strong></span> <span class='ocrx_word' id='word_1_241' title='bbox 1179 2939 1213 3004; x_wconf 89' lang='lat' dir='ltr'><strong>in</strong></span> 
     </span>
     <span class='ocr_line' id='line_1_33' title="bbox 204 3024 1211 3112; baseline 0.003 -23"><span class='ocrx_word' id='word_1_242' title='bbox 204 3025 367 3109; x_wconf 84' lang='lat' dir='ltr'><strong>captivum</strong></span> <span class='ocrx_word' id='word_1_243' title='bbox 397 3024 535 3090; x_wconf 87' lang='lat' dir='ltr'><strong>inveniri</strong></span> <span class='ocrx_word' id='word_1_244' title='bbox 565 3030 685 3112; x_wconf 82' lang='lat' dir='ltr'><strong>potest,</strong></span> <span class='ocrx_word' id='word_1_245' title='bbox 716 3048 885 3110; x_wconf 89' lang='lat' dir='ltr'><strong>passurum</strong></span> <span class='ocrx_word' id='word_1_246' title='bbox 917 3047 986 3089; x_wconf 86' lang='lat' dir='ltr'><strong>esse</strong></span> <span class='ocrx_word' id='word_1_247' title='bbox 1018 3029 1050 3090; x_wconf 88' lang='lat' dir='ltr'><strong>te</strong></span> <span class='ocrx_word' id='word_1_248' title='bbox 1083 3026 1211 3111; x_wconf 88' lang='lat' dir='ltr'><strong>cogita&#39;.</strong></span> 
     </span>
     <span class='ocr_line' id='line_1_34' title="bbox 152 3111 1211 3198; baseline 0.005 -23"><span class='ocrx_word' id='word_1_249' title='bbox 152 3133 185 3184; x_wconf 63' lang='grc' dir='ltr'><strong>ετ</strong></span> <span class='ocrx_word' id='word_1_250' title='bbox 203 3111 262 3176; x_wconf 90' lang='lat' dir='ltr'><strong>Ille</strong></span> <span class='ocrx_word' id='word_1_251' title='bbox 290 3133 356 3177; x_wconf 90' lang='lat' dir='ltr'><strong>non</strong></span> <span class='ocrx_word' id='word_1_252' title='bbox 384 3112 530 3178; x_wconf 88' lang='lat' dir='ltr'><strong>interrito</strong></span> <span class='ocrx_word' id='word_1_253' title='bbox 554 3116 661 3198; x_wconf 90' lang='lat' dir='ltr'><strong>modo,</strong></span> <span class='ocrx_word' id='word_1_254' title='bbox 689 3114 744 3178; x_wconf 89' lang='lat' dir='ltr'><strong>sed</strong></span> <span class='ocrx_word' id='word_1_255' title='bbox 767 3115 947 3180; x_wconf 90' lang='lat' dir='ltr'><strong>contumaci</strong></span> <span class='ocrx_word' id='word_1_256' title='bbox 971 3136 1097 3197; x_wconf 88' lang='lat' dir='ltr'><strong>quoque</strong></span> <span class='ocrx_word' id='word_1_257' title='bbox 1120 3115 1211 3180; x_wconf 89' lang='lat' dir='ltr'><strong>vultu</strong></span> 
     </span>
     <span class='ocr_line' id='line_1_35' title="bbox 203 3201 1209 3284; baseline 0.003 -21"><span class='ocrx_word' id='word_1_258' title='bbox 203 3201 333 3264; x_wconf 88' lang='lat' dir='ltr'><strong>intuens</strong></span> <span class='ocrx_word' id='word_1_259' title='bbox 356 3220 479 3284; x_wconf 84' lang='lat' dir='ltr'><strong>regem,</strong></span> <span class='ocrx_word' id='word_1_260' title='bbox 505 3203 628 3266; x_wconf 87' lang='lat' dir='ltr'><strong>nullam</strong></span> <span class='ocrx_word' id='word_1_261' title='bbox 651 3203 691 3266; x_wconf 91' lang='lat' dir='ltr'><strong>ad</strong></span> <span class='ocrx_word' id='word_1_262' title='bbox 713 3203 817 3266; x_wconf 91' lang='lat' dir='ltr'><strong>minas</strong></span> <span class='ocrx_word' id='word_1_263' title='bbox 841 3203 908 3267; x_wconf 90' lang='lat' dir='ltr'><strong>eius</strong></span> <span class='ocrx_word' id='word_1_264' title='bbox 931 3202 1069 3266; x_wconf 88' lang='lat' dir='ltr'><strong>reddidit</strong></span> <span class='ocrx_word' id='word_1_265' title='bbox 1091 3223 1209 3266; x_wconf 88' lang='lat' dir='ltr'><strong>vocem.</strong></span> 
     </span>
     <span class='ocr_line' id='line_1_36' title="bbox 152 3288 1209 3372; baseline 0.002 -20"><span class='ocrx_word' id='word_1_266' title='bbox 152 3310 186 3360; x_wconf 79' lang='lat'><strong>28</strong></span> <span class='ocrx_word' id='word_1_267' title='bbox 205 3288 287 3353; x_wconf 82' lang='lat' dir='ltr'><strong>Tum</strong></span> <span class='ocrx_word' id='word_1_268' title='bbox 308 3288 497 3372; x_wconf 81' lang='lat' dir='ltr'><strong>Alexander,</strong></span> <span class='ocrx_word' id='word_1_269' title='bbox 520 3289 698 3354; x_wconf 69' lang='lat' dir='ltr'><strong>‘Videtisne</strong></span> <span class='ocrx_word' id='word_1_270' title='bbox 722 3292 919 3355; x_wconf 87' lang='lat' dir='ltr'><strong>obstinatum</strong></span> <span class='ocrx_word' id='word_1_271' title='bbox 942 3290 983 3354; x_wconf 90' lang='lat' dir='ltr'><strong>ad</strong></span> <span class='ocrx_word' id='word_1_272' title='bbox 1005 3289 1209 3354; x_wconf 74' lang='lat' dir='ltr'><strong>tacenduml&#39;</strong></span> 
     </span>
     <span class='ocr_line' id='line_1_37' title="bbox 204 3375 1207 3462; baseline 0.002 -22"><span class='ocrx_word' id='word_1_273' title='bbox 204 3377 322 3460; x_wconf 88' lang='lat' dir='ltr'><strong>inquit,</strong></span> <span class='ocrx_word' id='word_1_274' title='bbox 358 3375 451 3440; x_wconf 73' lang='lat' dir='ltr'><strong>‘uum</strong></span> <span class='ocrx_word' id='word_1_275' title='bbox 482 3397 568 3462; x_wconf 86' lang='lat' dir='ltr'><strong>genu</strong></span> <span class='ocrx_word' id='word_1_276' title='bbox 599 3379 730 3461; x_wconf 84' lang='lat' dir='ltr'><strong>posuit?</strong></span> <span class='ocrx_word' id='word_1_277' title='bbox 776 3401 854 3443; x_wconf 93' lang='lat' dir='ltr'><strong>num</strong></span> <span class='ocrx_word' id='word_1_278' title='bbox 890 3399 1001 3443; x_wconf 90' lang='lat' dir='ltr'><strong>vocem</strong></span> <span class='ocrx_word' id='word_1_279' title='bbox 1034 3380 1207 3462; x_wconf 89' lang='lat' dir='ltr'><strong>supplicem</strong></span> 
     </span>
     <span class='ocr_line' id='line_1_38' title="bbox 204 3463 1206 3549; baseline 0.004 -22"><span class='ocrx_word' id='word_1_280' title='bbox 204 3463 314 3528; x_wconf 81' lang='lat' dir='ltr'><strong>misit?</strong></span> <span class='ocrx_word' id='word_1_281' title='bbox 337 3463 475 3529; x_wconf 86' lang='lat' dir='ltr'><strong>Vincam</strong></span> <span class='ocrx_word' id='word_1_282' title='bbox 497 3469 606 3530; x_wconf 87' lang='lat' dir='ltr'><strong>tamen</strong></span> <span class='ocrx_word' id='word_1_283' title='bbox 629 3467 790 3530; x_wconf 88' lang='lat' dir='ltr'><strong>silentium</strong></span> <span class='ocrx_word' id='word_1_284' title='bbox 813 3468 890 3531; x_wconf 89' lang='lat' dir='ltr'><strong>etsi</strong></span> <span class='ocrx_word' id='word_1_285' title='bbox 909 3467 988 3530; x_wconf 90' lang='lat' dir='ltr'><strong>nihil</strong></span> <span class='ocrx_word' id='word_1_286' title='bbox 1008 3467 1103 3549; x_wconf 87' lang='lat' dir='ltr'><strong>aliud,</strong></span> <span class='ocrx_word' id='word_1_287' title='bbox 1126 3471 1206 3532; x_wconf 88' lang='lat' dir='ltr'><strong>certe</strong></span> 
     </span>
     <span class='ocr_line' id='line_1_39' title="bbox 152 3552 1207 3636; baseline -0.004 -14"><span class='ocrx_word' id='word_1_288' title='bbox 152 3573 186 3622; x_wconf 79' lang='lat' dir='ltr'><strong>aa</strong></span> <span class='ocrx_word' id='word_1_289' title='bbox 205 3553 327 3636; x_wconf 81' lang='lat' dir='ltr'><strong>gemitu</strong></span> <span class='ocrx_word' id='word_1_290' title='bbox 349 3553 580 3636; x_wconf 80' lang='lat' dir='ltr'><strong>interpellabo’</strong></span> <span class='ocrx_word' id='word_1_291' title='bbox 616 3552 670 3617; x_wconf 88' lang='lat' dir='ltr'><strong>Ira</strong></span> <span class='ocrx_word' id='word_1_292' title='bbox 692 3553 805 3622; x_wconf 90' lang='lat' dir='ltr'><strong>deinde</strong></span> <span class='ocrx_word' id='word_1_293' title='bbox 827 3555 924 3617; x_wconf 89' lang='lat' dir='ltr'><strong>vertit</strong></span> <span class='ocrx_word' id='word_1_294' title='bbox 945 3555 979 3617; x_wconf 91' lang='lat' dir='ltr'><strong>in</strong></span> <span class='ocrx_word' id='word_1_295' title='bbox 1000 3555 1123 3618; x_wconf 85' lang='lat' dir='ltr'><strong>rabiem</strong></span> <span class='ocrx_word' id='word_1_296' title='bbox 1144 3556 1207 3618; x_wconf 90' lang='lat' dir='ltr'><strong>iam</strong></span> 
     </span>
    </p>
   </div>
   <div class='ocr_carea' id='block_1_4' title="bbox 0 0 1280 4108">
    <p class='ocr_par' dir='ltr' id='par_1_4' title="bbox 0 0 1280 4108">
     <span class='ocr_line' id='line_1_40' title="bbox 0 0 1280 4108; baseline 0 0"><span class='ocrx_word' id='word_1_297' title='bbox 0 0 1280 4108; x_wconf 95' lang='lat' dir='ltr'><strong> </strong></span> 
     </span>
    </p>
   </div>
   <div class='ocr_carea' id='block_1_5' title="bbox 1272 1203 1278 3572">
    <p class='ocr_par' dir='ltr' id='par_1_5' title="bbox 1272 1203 1278 3572">
     <span class='ocr_line' id='line_1_41' title="bbox 1272 1203 1278 3572; baseline 0 0"><span class='ocrx_word' id='word_1_298' title='bbox 1272 1203 1278 3572; x_wconf 95' lang='lat' dir='ltr'><strong> </strong></span> 
     </span>
    </p>
   </div>
  </div>
 </body>
</html>
