2582 4098
211 185 253 250 82
580 186 611 252 Q.
631 184 742 242 cnam
758 186 845 242 RUFI

211 332 341 396 constet
358 327 558 413 Babylonios
581 350 690 395 muros
711 329 852 414 ingentis
875 330 980 413 operis
997 329 1094 396 huius
1111 331 1222 396 fontis

210 418 366 482 bitumine
388 417 548 482 interlitos
570 438 647 483 esse.

160 526 192 574 1⁷
300 504 448 571 Ceterum
470 503 638 588 Babylona
659 504 843 588 procedenti
860 505 1041 570 Alexandro
1055 505 1249 590 Mazaeus,3

212 593 266 678 qui
297 614 335 658 ex
367 593 433 658 acie
464 592 500 656 in
528 613 599 664 eam
624 593 736 658 urbem
763 593 963 678 confugerat,
995 613 1067 658 cum
1094 594 1222 660 adultis

211 681 320 746 liberis
348 681 481 763 supplex
508 681 644 748 occurrit
669 681 781 746 urbem
803 702 899 764 seque
921 680 1048 745 dedens.
1093 680 1222 747 Gratus

211 769 366 833 adventus
394 768 462 832 eius
489 768 558 853 regi
579 768 655 851 fuit,
687 769 803 853 quippe
826 768 936 852 magni
957 768 1063 852 operis
1087 770 1222 836 obsidio

162 876 193 926 18
211 857 320 920 futura
346 861 413 920 crat
437 859 505 920 tam
531 856 671 921 munitae
698 857 796 921 urbis.
840 855 892 920 hd
917 856 979 921 hoc
1004 857 1056 921 vir
1076 857 1222 922 illustris

212 947 246 1008 et
279 965 377 1008 manu
407 947 573 1028 promptus
604 944 752 1026 famaque
784 944 881 1009 etiam
912 943 1057 1027 proximo
1088 946 1221 1028 proelio

213 1031 344 1095 celebris
372 1034 405 1096 et
430 1034 551 1097 ceteros
579 1032 620 1096 ad
646 1031 839 1096 deditionem
866 1032 917 1096 sui
943 1031 1134 1097 incitaturus
1166 1055 1223 1098 ex·

213 1120 317 1203 emplo
349 1119 525 1184 videbatur.
573 1119 678 1204 Igitur
708 1118 793 1184 hunc
822 1117 949 1203 quidem
977 1119 1114 1204 benigne
1141 1141 1223 1185 cum

44 1206 46 1218 ’
162 1227 194 1274 19
213 1206 323 1271 liberis
350 1207 480 1292 excipit:
516 1211 656 1272 ceterum
683 1207 838 1291 quadrato
866 1207 1006 1292 agmine,
1035 1207 1122 1290 quod
1143 1207 1223 1291 ipse

213 1293 361 1379 ducebat,
396 1296 485 1360 velut
518 1295 554 1359 in
589 1295 690 1360 aciem
719 1295 818 1372 irent,
852 1293 978 1378 ingredi
1008 1317 1084 1360 suos
1115 1295 1222 1360 iubet.

212 1381 333 1469 Magna
353 1405 430 1466 pars
452 1381 706 1466 Babyloniorum
727 1382 919 1448 constiterat
938 1382 974 1446 in
994 1381 1095 1446 muris
1120 1384 1222 1448 avida

213 1471 427 1556 cognoscendi
443 1491 562 1535 novum
579 1491 697 1554 regem,
715 1470 823 1553 plures
842 1469 970 1534 obviam
989 1469 1112 1555 egressi
1132 1477 1222 1535 sunt

160 1577 194 1626 20
212 1557 301 1623 Inter
319 1580 400 1644 quos
413 1556 636 1642 Bagophanes,
659 1557 740 1622 arcis
759 1560 792 1622 et
807 1557 915 1642 regiae
928 1558 1082 1640 pecuniae
1097 1563 1222 1642 custos,

211 1667 253 1710 ne
285 1645 391 1712 studio
423 1668 443 1710 a
469 1643 601 1710 Mazaeo
632 1644 826 1729 vinceretur,
855 1648 962 1710 totum
992 1645 1055 1710 iter
1080 1645 1222 1711 floribus

213 1734 401 1819 coronisque
436 1735 655 1798 constraverat
690 1733 849 1818 argenteis
885 1733 1041 1797 altaribus
1076 1736 1222 1818 utroque

212 1821 312 1887 latere
340 1821 520 1906 dispositis,
546 1842 627 1905 quae
653 1842 720 1886 non
746 1824 817 1886 ture
843 1820 953 1899 modo,
982 1819 1039 1885 sed
1065 1822 1221 1886 omnibus

161 1910 364 1979 madoribus
387 1910 611 1974 cumulaverat.
649 1907 747 1974 Dona
767 1929 841 1972 enm
864 1908 1078 1993 sequebantur
1100 1929 1221 1994 greges

213 2019 363 2080 pecorum
390 2019 619 2081 equorumque,
649 1997 757 2061 leones
785 2016 923 2080 quoque·
937 1999 970 2060 et
990 1995 1144 2079 pardales
1170 2019 1221 2062 oa·

161 2107 194 2156 22
213 2084 280 2148 veis
311 2085 580 2166 praeferebantur.
615 2082 704 2168 Magi
731 2081 844 2148 deinde
876 2105 934 2148 suo
966 2104 1055 2148 more
1085 2105 1223 2148 carmen

213 2175 378 2254 canentes,
412 2174 489 2255 post
522 2171 582 2236 hos
619 2169 771 2236 Chaldaei
800 2169 1116 2255 Babyloniorumque
1151 2194 1222 2238 non

212 2261 304 2324 vates
333 2257 445 2343 modo,
476 2257 532 2323 sed
559 2259 655 2322 otiam
682 2259 818 2324 artifices
845 2279 918 2323 cum
942 2259 1061 2324 fidibus
1088 2259 1142 2322 sni
1167 2281 1221 2345 ge·

213 2345 299 2411 neris
325 2347 433 2412 ibant:
463 2344 574 2412 laudes
600 2346 635 2410 hi
661 2367 774 2431 regum
796 2367 909 2411 canere
931 2346 1031 2430 soliti,
1062 2343 1220 2412 Chaldaei

214 2435 352 2499 siderum
380 2438 486 2500 motus
519 2436 551 2498 et
582 2437 684 2498 statas
715 2434 799 2499 vices
828 2437 1009 2518 temporum
1037 2433 1221 2500 ostendere.

161 2544 194 2592 23
212 2522 347 2608 Equites
379 2523 490 2588 deinde
517 2520 690 2605 Babylonii
721 2543 778 2587 suo
811 2543 1026 2607 equorumque
1057 2521 1148 2587 cultu
1179 2522 1221 2587 ad

212 2612 372 2677 luxuriam
390 2612 504 2696 magis,
521 2632 618 2695 quam
637 2610 677 2675 ad
694 2609 967 2694 magnificentiam
983 2611 1094 2674 exacto
1107 2609 1221 2675 ultimi

213 2701 313 2765 ibant.
344 2699 414 2764 Rex
432 2698 565 2764 armatis
584 2698 723 2781 stipatus
742 2696 976 2781 oppidanorum
992 2697 1122 2762 turbam
1141 2701 1222 2780 post

213 2787 344 2852 ultimos
371 2787 494 2871 pedites
520 2787 566 2851 ire
593 2786 700 2850 iussit:
729 2785 798 2868 ipse
825 2807 897 2850 cum
924 2806 1018 2850 curru
1040 2785 1156 2848 urbem
1181 2807 1219 2850 ac

214 2874 326 2940 deinde
344 2876 466 2959 regiam
483 2874 624 2939 intravit.
659 2873 793 2938 Postero
808 2873 858 2937 die
872 2873 1104 2956 supellectilem
1117 2871 1220 2938 Darei

161 2985 195 3033 24
213 2966 247 3028 et
269 2983 397 3027 omnem
418 2963 586 3046 pecuniam
608 2962 802 3046 recognovit
837 2959 987 3026 (letarum
1006 2960 1106 3044 ipsius
1123 2962 1218 3025 urbis
1235 2962 1252 3024 4

212 3049 416 3134 pulchritudo
448 3071 486 3115 ac
515 3052 659 3115 vetustas
686 3071 752 3114 non
778 3049 864 3133 regis
891 3048 1001 3132 modo,
1033 3048 1089 3113 sed
1116 3048 1218 3114 etiam
1281 3059 1282 3084 l

214 3139 357 3203 omnium
393 3138 503 3203 oculos
538 3137 573 3202 in
608 3140 710 3201 semet
743 3137 831 3202 haud
865 3136 1014 3200 inmerito
1048 3138 1219 3202 convertit.

214 3224 400 3291 Samiramis
423 3247 494 3290 eam
517 3225 709 3306 condiderat,
729 3246 805 3308 non,
826 3227 864 3288 ut
885 3224 1027 3308 plerique
1045 3223 1218 3308 credidere,

161 3336 194 3384 as
213 3313 323 3398 Belus,
345 3314 434 3378 cuius
456 3313 546 3397 regia
567 3312 754 3378 ostenditur.
789 3311 900 3378 Murus
922 3313 1097 3377 instructus
1119 3313 1217 3377 later·

214 3403 284 3468 culo
308 3402 427 3485 coctili,
455 3400 610 3466 bitumine
631 3401 805 3484 interlitus,
828 3400 968 3484 spatium
990 3417 1061 3464 xxx
1084 3402 1117 3464 et
1137 3399 1216 3466 duo·
1281 3425 1282 3464 l

212 3513 285 3556 rum
302 3490 417 3574 pedum
435 3491 470 3554 ira
486 3488 688 3554 latitudinem
703 3489 918 3572 amplectitur:
941 3487 1116 3572 quadrigae
1128 3486 1216 3552 inter

160 3601 194 3650 ‘rc
213 3601 247 3645 se
270 3581 472 3645 occurrentes
495 3577 564 3643 sine
585 3577 726 3659 periculo
750 3597 929 3642 commeare
946 3575 1103 3640 dicuntur.
1130 3574 1215 3640 Alti-
