2582 4098
261 221 515 277 HISTORIARUM
531 222 746 278 ALEXANDRI
763 223 802 291 V,
820 228 898 278 7-9.
1031 223 1092 285 101

71 365 303 430 sollicitentur
329 367 438 431 animi.
478 365 587 432 Meam
612 367 776 432 fortunam
800 369 909 431 tamen
930 388 1027 451 quam
1049 365 1094 430 vi·

72 455 189 518 otorie
211 455 368 519 maluistis
391 455 492 539 sequi,
520 455 713 540 dignissimi,
740 454 869 538 quibus,
891 455 919 518 si
945 474 1005 539 ego
1027 475 1095 519 non

72 541 224 626 possim,
252 543 284 606 di
309 564 368 626 pro
395 564 447 607 me
469 544 608 629 gratiam
628 542 778 608 referant
822 540 880 625 Et,
905 542 1094 627 mehercule,

72 629 237 695 referent.
281 628 380 695 Nulla
405 631 467 696 erit
491 635 559 696 tam
586 631 682 696 surda
703 631 887 715 posteritas,
915 630 1005 695 nulla
1026 634 1094 694 tam
1113 649 1147 698 10

73 718 219 803 ingrata
249 718 347 798 lama,
380 740 461 803 quae
491 741 558 785 non
589 719 625 784 in
653 719 775 785 caelum
800 740 859 784 vos
886 717 1001 783 debitis
1026 717 1094 782 lau·

6 805 65 871 25
77 806 185 870 dibus
216 805 307 871 ferat.
356 806 468 890 Itaque
497 808 623 872 etiamsi
650 807 817 873 consilium
843 806 954 892 fugae,
984 828 1004 871 a
1030 828 1095 891 qua

77 894 228 958 multum
250 895 402 959 abhorret
423 895 557 980 animus,
580 896 762 980 agitassem,
781 897 889 960 vestra
906 897 1016 959 tamen
1032 895 1093 959 vir·

76 984 157 1046 tute
189 982 290 1046 fretus
322 983 450 1048 obviam
480 984 578 1048 issem
607 983 703 1048 hosti
748 981 919 1066 Quousque
947 983 1032 1048 enim
1058 982 1094 1046 in
1114 1000 1146 1048 11

77 1091 189 1154 regno
221 1071 355 1136 exulabo
387 1074 419 1136 et
449 1093 507 1154 per
536 1071 617 1136 fines
646 1071 773 1155 imperii
800 1073 863 1135 mei
893 1070 1016 1156 fugiam
1042 1091 1094 1134 ex-

78 1161 217 1222 ternum
244 1162 277 1223 et
304 1159 460 1224 advenam
487 1180 609 1245 regem,
642 1181 714 1225 cum
741 1158 836 1223 beent
850 1162 992 1242 ¹euperto
1018 1158 1095 1223 belli

79 1246 254 1310 fortunam
276 1250 333 1311 aut
353 1268 510 1332 reparare,
533 1269 613 1331 quae
636 1245 738 1330 amisi,
759 1249 816 1310 aut
837 1245 975 1310 honesta
991 1249 1094 1311 morte

82 1333 243 1419 defimgi?
276 1333 349 1399 Nisi
369 1334 453 1400 forte
476 1336 576 1400 satins
600 1339 649 1400 est
670 1336 836 1419 expectare
858 1334 988 1398 victoris
1011 1334 1147 1407 arbi-12

80 1421 188 1486 trium
217 1425 250 1486 et
270 1421 394 1487 Mazaei
419 1426 453 1487 et
478 1422 647 1488 Mithrenis
674 1423 817 1506 exemplo
843 1422 1022 1506 precarium
1043 1443 1094 1486 ac-

82 1509 195 1592 cipere
215 1531 351 1594 regnum
370 1512 511 1576 nationis
529 1512 632 1595 unius,
654 1511 774 1576 utiam
791 1510 882 1574 malit
899 1510 952 1574 ille
973 1509 1094 1594 gloriae

84 1618 167 1662 suae
190 1619 287 1683 quam
302 1599 368 1663 irae
387 1599 529 1683 obsequi.
564 1598 633 1664 Nec
651 1599 684 1663 di
702 1599 844 1683 siverint,
864 1601 902 1662 ut
918 1598 981 1662 hoc
999 1597 1094 1661 decus
1114 1621 1147 1670 1³

84 1686 153 1749 mei
180 1686 295 1768 capitis
317 1690 374 1751 eut
396 1687 521 1751 demere
543 1687 623 1752 mihi
645 1687 813 1771 quisquam
835 1689 892 1750 aut
914 1684 1094 1750 condonare

78 1774 198 1854 possit:
229 1794 283 1838 aec
303 1794 355 1856 eye
376 1774 438 1840 hoc
458 1775 629 1858 imperium
650 1775 741 1839 vivus
763 1775 924 1857 amittam,
949 1772 1096 1856 idemque

86 1861 152 1924 erit
176 1862 269 1945 regni
294 1862 371 1944 mei,
403 1863 457 1946 qui
480 1863 624 1945 spiritus,
645 1862 729 1926 finis.
774 1859 808 1926 Si
829 1862 882 1926 hic
905 1861 1045 1944 animus,
1068 1861 1096 1923 si

85 1949 169 2012 haec
196 1948 259 2030 lex,
284 1950 366 2014 nulli
392 1971 459 2015 non
485 1953 578 2032 parta
599 1950 730 2015 libertas
753 1950 814 2014 est:
845 1970 941 2014 nemo
963 1970 981 2012 e
1002 1948 1094 2013 vobis
1114 1971 1148 2020 14

87 2035 255 2100 fastidium
285 2036 509 2121 Macedonum,
540 2058 635 2102 nemo
662 2037 786 2102 vultum
813 2038 986 2120 superbum
1011 2035 1095 2101 ferre

88 2127 232 2208 cogetur.
266 2122 331 2189 Sua
348 2125 461 2209 cuique
479 2126 608 2190 dextera
625 2129 682 2190 aut
698 2125 854 2191 ultionem
871 2128 921 2190 tot
938 2125 1096 2190 malorum

88 2212 195 2295 pariet
220 2215 276 2276 ant
301 2213 405 2280 finem.
448 2211 619 2298 Equidem,
651 2235 748 2299 quam
774 2213 941 2280 namabilis
962 2213 1096 2278 fortuna
1115 2235 1148 2284 15

91 2300 143 2381 sit,
164 2298 389 2365 documentum
411 2302 479 2384 ipse
502 2324 573 2366 sum
594 2323 654 2366 nec
675 2302 824 2368 inmerito
846 2301 989 2367 mitiores
1010 2301 1095 2365 vices

91 2387 159 2452 eius
182 2392 322 2472 expecto.
367 2386 429 2453 Sed
452 2390 479 2454 ei
501 2390 587 2455 iusta
609 2411 646 2455 ac
665 2390 721 2474 pia
737 2390 823 2455 bella
844 2389 877 2454 di
900 2391 1096 2472 aversantur,

91 2475 228 2540 fortibus
259 2480 368 2541 tamen
398 2477 474 2542 viris
504 2477 615 2543 licebit
645 2477 779 2543 honeste
810 2476 901 2542 mori.
944 2475 1008 2539 Per
1034 2495 1094 2559 ego
1116 2499 1148 2548 16

92 2583 150 2627 vos
180 2563 294 2629 deeora
321 2565 491 2650 maiorum,
522 2566 576 2649 qui
604 2565 704 2630 totius
732 2565 870 2631 Orientis
896 2583 997 2648 regna
1024 2584 1096 2626 cum

92 2652 291 2716 memorabili
321 2652 414 2718 laude
444 2657 628 2736 tenuerunt,
661 2675 718 2737 per
747 2653 821 2717 illos
849 2651 948 2734 viros,
980 2649 1095 2734 quibus

94 2739 286 2823 stipendium
308 2739 497 2806 Macedonia
519 2742 679 2826 quondam
701 2741 789 2818 tulit,
812 2760 870 2822 per
891 2741 943 2803 tot
963 2738 1096 2802 navium

95 2827 209 2891 classes
241 2827 276 2891 in
303 2826 470 2894 Graeciam
500 2831 628 2912 missas,
658 2849 716 2913 per
747 2831 797 2892 tot
824 2829 958 2910 tropaea
983 2847 1096 2912 regum

96 2936 151 2980 oro
173 2918 206 2979 et
227 2916 384 3000 obtestor,
410 2921 449 2981 ut
469 2918 638 2982 nobilitate
660 2919 766 2981 vestra
789 2915 956 3000 gentisque
980 2915 1096 2998 dignos

96 3002 223 3086 spiritns
246 3005 392 3089 capiatis,
420 3008 456 3069 ut
479 3004 589 3070 eedem
611 3003 795 3070 constantia
816 3003 1010 3086 animorum,
1033 3023 1097 3087 qna

96 3092 264 3175 praeterita
286 3093 456 3176 tolerastis,
479 3093 695 3177 experiamini,
718 3091 871 3176 quidquid
893 3089 1006 3155 deinde
1028 3090 1096 3155 fors

97 3178 215 3243 tulerit:
246 3201 297 3244 me
330 3184 413 3245 certe
444 3181 479 3244 in
507 3189 696 3265 perpetuum
724 3184 781 3244 aut
805 3179 941 3246 victoria
966 3179 1148 3265 egregiam
1285 3225 1286 3247 ;

98 3267 277 3350 nobilitabit
298 3272 354 3334 aut
375 3267 505 3354 pugna?

520 3425 598 3494 Cur.
619 3426 674 3493 IX.

48 3531 91 3598 26
180 3532 269 3598 Haec
304 3532 429 3599 dicente
459 3532 566 3597 Dareo
601 3533 779 3616 praesentis
812 3531 944 3617 periculi
975 3533 1130 3615 speciest

101 3620 236 3685 omnium
259 3621 354 3686 simul
375 3620 471 3686 corda
494 3621 680 3706 animosque
702 3621 835 3686 horrore
857 3619 1096 3704 perstrinxerat,
