2582 4098
223 231 265 296 70
590 232 621 296 Q.
641 230 751 285 CURTI
767 229 854 284 RUFI

221 376 342 461 ipsum,
374 377 457 461 quod
478 376 582 460 ignoti
604 377 723 457 essent,
749 373 908 460 ignobiles
929 394 1015 437 esse:
1047 393 1227 456 numquam

222 466 363 550 ignorari
384 466 470 529 viros
492 465 600 547 fortes,
622 466 657 528 at
673 463 807 527 inbelles
826 484 864 526 ex
880 462 1012 525 latebris
1030 461 1100 524 suis
1123 463 1227 524 erutos

223 554 304 618 nihil
330 556 457 638 praeter
483 553 614 616 nomina
640 551 773 615 adferre.
816 547 1007 614 Macedonas
1029 549 1159 612 virtute
1181 549 1228 612 ad·

223 644 361 724 secutos,
382 661 424 704 ne
446 639 518 725 quis
540 644 609 704 toto
633 640 709 704 orbe
731 641 820 704 locus
843 641 935 720 esset,
958 638 1013 721 qui
1033 637 1122 700 tales
1148 637 1229 700 viros

188 751 204 800 s
222 731 394 814 ignoraret.
426 726 630 791 Intuerentur
650 728 859 792 barbarorum
876 724 1076 790 inconditum
1096 746 1229 810 agmen:

223 819 321 881 alium
342 815 425 880 nihil
445 819 572 899 praeter
592 815 731 880 iaculum
752 815 884 896 habere,
906 814 1003 878 alium
1024 813 1135 877 funda
1160 834 1231 877 sara
1274 840 1275 867 ι

222 905 352 988 librare,
382 905 492 987 paucis
519 904 603 968 iusta
630 926 719 968 arma
745 925 823 968 esse.
867 901 980 985 Itaque
1005 901 1098 965 illine
1123 903 1230 986 plures
1274 924 1275 943 ¹

189 1015 204 1064 s
224 995 321 1055 stare:
353 991 428 1055 hinc
452 992 559 1076 plures
581 992 794 1056 dimicaturos.
837 989 906 1055 Nec
926 989 1090 1073 postulare
1118 1012 1171 1073 se,
1200 991 1232 1052 ut

223 1079 349 1144 fortiter
378 1084 579 1163 capesserent
603 1081 772 1164 proelium,
803 1079 839 1142 ni
864 1079 932 1162 ipse
958 1077 1070 1142 ceteris
1102 1078 1231 1142 fortitu-

224 1168 307 1232 dinis
333 1167 448 1233 fuisset
474 1170 665 1253 exemplum:
698 1190 731 1233 se
759 1170 833 1232 ante
854 1167 958 1250 prima
980 1166 1073 1250 signa
1098 1166 1231 1230 dimica

223 1259 338 1320 turum.
383 1254 544 1340 Spondere
570 1278 628 1340 pro
656 1277 689 1321 se
715 1259 766 1320 tot
790 1255 964 1338 citatrices,
992 1253 1135 1318 totidem
1168 1276 1231 1318 cor·

223 1343 310 1428 poris
332 1344 457 1409 decora:
482 1345 561 1410 scire
582 1346 670 1427 ipsos
693 1366 793 1409 unum
813 1363 915 1426 paene
934 1363 969 1406 se
985 1341 1127 1425 praedae
1149 1364 1230 1407 com·

224 1433 329 1497 munis
353 1437 509 1498 exsortem
531 1434 567 1496 in
587 1433 652 1496 illis
674 1431 813 1496 colendis
835 1431 1047 1514 ornandisque
1070 1451 1230 1514 usurpare

190 1521 374 1592 rviotoriae
399 1521 549 1604 praemia
593 1519 681 1584 Haeo
708 1542 741 1584 se
767 1520 904 1584 fortibus
931 1519 1008 1582 viris
1034 1516 1153 1584 dicere.
1201 1517 1230 1582 Si

228 1610 282 1694 qui
304 1610 473 1673 dissimiles
496 1630 605 1673 eorum
628 1611 743 1692 essent,
764 1608 821 1672 illa
841 1608 940 1671 fuisse
961 1605 1138 1671 dicturum:
1165 1629 1230 1690 per-

223 1699 348 1762 venisse
375 1719 426 1780 eo,
457 1696 541 1761 unde
567 1697 678 1781 fugere
703 1718 769 1760 non
795 1699 935 1779 possent
980 1693 1043 1759 Tot
1067 1697 1228 1760 terrarum
1274 1698 1275 1727 ¹

225 1787 329 1871 spatia
350 1786 495 1868 emensis,
516 1787 568 1849 tot
589 1785 735 1848 amnibus
757 1784 983 1867 montibusque
1005 1785 1081 1865 post
1097 1785 1228 1868 tergum

225 1874 356 1938 obiectis
382 1875 444 1938 iter
469 1875 504 1937 in
528 1874 665 1957 patriam
688 1875 721 1936 et
741 1874 873 1956 penates
896 1893 994 1935 manu
1015 1891 1085 1934 esse
1107 1871 1226 1936 facien·
1273 1868 1275 1923 l

190 1961 320 2032 adum?
358 1959 409 2025 Sia
432 1961 540 2045 duces,
564 1963 609 2026 sic
631 1961 768 2046 proximi
790 1960 928 2024 militurn
950 1959 1096 2024 instincti
1120 1962 1209 2024 sunt.
1274 1952 1275 1969 ¹

312 2046 435 2112 Dareus
461 2051 497 2113 in
522 2050 612 2114 laevo
640 2071 739 2114 cornu
765 2051 845 2131 erat,
877 2067 995 2132 magno
1018 2068 1155 2111 snorum
1179 2038 1275 2131 εὶς-53

225 2136 325 2218 mine,
357 2135 486 2200 delectis
513 2138 655 2219 equitum
681 2136 885 2220 peditumque
907 2136 1058 2219 stipatus,
1084 2140 1226 2200 contem·
1274 2130 1275 2145 ¹

224 2226 394 2306 pseratque
412 2223 603 2306 paucitatem
620 2223 732 2308 hostis,
749 2246 866 2289 vanam
883 2223 983 2288 aciem
1000 2244 1069 2287 esse
1088 2224 1226 2288 extentis
1274 2300 1275 2309 ἵ

191 2311 375 2382 ceornibus
397 2314 494 2375 ratus.
531 2309 686 2395 Ceterum,
710 2312 792 2376 sicut
810 2333 904 2377 curru
921 2312 1091 2394 eminebat,
1115 2311 1226 2376 dextra

225 2400 376 2483 laevaque
408 2399 449 2463 ad
480 2400 717 2465 circumstantia
748 2402 880 2485 agmina
911 2400 1019 2464 oculos
1048 2419 1226 2483 manusque

225 2488 461 2572 cnoumferens,
486 2487 690 2572 ‘Terrarum',
720 2489 839 2573 inquit,
866 2487 961 2570 ‘quas
985 2485 1128 2552 Oceanus
1154 2488 1226 2552 hine

225 2577 337 2661 adluit,
366 2577 454 2641 illinc
477 2576 597 2640 claudit
618 2574 859 2660 Hellespontus,
888 2575 984 2658 paulo
1004 2578 1078 2639 ante
1097 2575 1226 2657 domini,

224 2667 289 2729 iam
311 2666 438 2730 nonde
462 2666 572 2750 gloria,
595 2665 650 2728 sed
673 2665 710 2729 de
734 2665 835 2729 salute
857 2667 897 2746 et,
920 2663 1005 2747 quod
1023 2663 1120 2728 saluti
1136 2685 1225 2746 pree

175 2774 207 2824 10
225 2753 358 2836 ponitis,
380 2754 526 2818 libertate
548 2753 756 2839 pugnandum
778 2755 835 2816 est.
874 2750 936 2816 Hie
959 2752 1025 2814 dies
1047 2751 1226 2834 imperium,

226 2862 287 2924 quo
321 2841 444 2904 nullum
472 2842 607 2925 amplius
640 2842 720 2906 vidit
753 2843 854 2924 aetas,
886 2842 942 2904 aut
971 2839 1144 2905 constituet
1174 2841 1226 2904 aut

225 2929 322 2992 finiet.
375 2928 471 3012 Apud
506 2928 680 2994 Granicum
710 2928 844 2992 minima
877 2928 992 2992 virium
1030 2930 1121 3010 parte
1152 2949 1225 2992 cum

224 3016 317 3081 hoste
344 3018 547 3081 certavimus:
577 3018 611 3081 in
638 3016 750 3083 Cilicia
775 3017 875 3080 victos
903 3013 995 3098 Syria
1020 3018 1147 3099 poterat
1176 3039 1225 3080 ex·

225 3105 347 3188 cipere:
383 3125 501 3189 magna
536 3106 735 3169 munimenta
769 3105 861 3190 regni
892 3102 998 3188 Tigris
1035 3107 1130 3187 atque
1160 3103 1224 3168 Eu·

174 3213 206 3262 11
224 3192 355 3276 phrates
379 3196 477 3258 erant.
521 3192 662 3258 Ventum
685 3196 734 3256 est
755 3214 806 3277 eo,
836 3191 921 3256 unde
943 3191 1044 3275 pulsis
1066 3212 1107 3255 ne
1130 3191 1223 3276 fugae

225 3281 351 3365 quidem
377 3282 466 3346 loeus
491 3285 548 3346 est.
593 3280 709 3346 Omnia
729 3284 797 3344 tem
820 3280 941 3344 diutino
964 3279 1048 3344 bello
1071 3279 1224 3344 exhausta

224 3373 300 3453 post
324 3373 451 3455 tergum
478 3373 569 3435 sunt:
600 3391 667 3434 non
689 3370 810 3434 incolas
835 3390 909 3434 suos
932 3368 1040 3451 urbes,
1070 3390 1138 3432 non
1160 3369 1222 3432 cul-

224 3460 309 3522 tores
340 3457 463 3522 habent
492 3462 604 3523 terrae.
654 3455 814 3542 Coniuges
842 3477 967 3542 quoque
999 3459 1032 3519 et
1059 3456 1150 3519 liberi
1177 3479 1222 3520 se-

225 3549 364 3630 quuntur
385 3546 469 3612 hane
492 3548 606 3629 aciem,
627 3549 739 3629 parata
760 3546 907 3610 hostibus
929 3545 1059 3628 praeda,
1083 3545 1145 3607 nisi
1165 3565 1221 3626 pro

174 3655 206 3702 12
225 3635 397 3698 carissimis
419 3634 607 3718 pignoribus
629 3654 764 3715 corpora
786 3633 986 3717 opponimus.
1027 3631 1119 3707 Quod
1140 3653 1221 3695 mea·
