2602 4094
289 204 542 260 HISTORIARUM
559 205 773 261 ALEXANDRI
791 208 825 277 X,
843 213 870 262 4.
1018 207 1082 272 269

73 349 147 413 dine
173 354 203 414 et
227 350 323 432 specie
348 350 490 432 insipnes.
540 349 646 432 Supra
673 357 898 434 quinquaqinta
924 353 1014 418 milio
1040 353 1084 418 dri

73 441 208 522 reperta,
234 459 303 502 cum
329 438 507 511 Alexander
528 459 560 504 eo
588 441 745 522 transiret,
771 460 793 503 a
814 441 972 506 comitibus
998 441 1084 508 illius

73 527 257 591 adnotamm
278 531 339 592 est:
365 527 440 592 olim
462 528 554 609 triplo
570 528 678 610 plnres
697 529 803 612 fecisse,
824 530 878 594 sed
897 531 978 595 inter
995 530 1082 595 hello-

73 635 147 678 rum
169 614 275 680 turbas
296 616 469 680 maalmam
491 635 595 680 eornm
615 621 737 698 partem
756 618 922 699 praedones
943 618 1082 700 ahepisse.

73 702 131 767 Aa
151 703 280 785 tripinta
301 704 365 769 dies
386 703 431 768 ihi
451 704 586 769 suthstitit
605 725 668 770 ree.
710 705 760 770 Eo
778 704 942 788 Atropates
959 707 1084 772 Mediae

73 795 204 874 satrapa
222 795 341 856 centum
358 791 508 857 harharas
524 793 666 858 mulieres
682 795 813 859 adducit
828 795 987 876 equitandi
999 795 1083 878 peri·

74 884 124 944 tas
148 880 297 962 peltisque
322 884 352 944 et
376 881 530 945 seenrrhus
553 885 709 946 armatas:
739 884 821 948 unde
841 884 968 964 quidam
990 884 1083 948 credi-

74 968 186 1033 derunt
210 968 406 1033 Amazonum
436 989 474 1033 en
502 973 589 1051 pente
618 970 765 1050 reliquias
793 971 897 1050 fnisse.
939 970 1084 1054 Septimis

73 1057 181 1121 deinde
202 1058 312 1122 castris
333 1057 497 1122 Ecbatana
520 1058 635 1140 attipit,
661 1059 786 1123 Mediae
807 1065 906 1142 eaput.
950 1061 1004 1125 Ibi
1024 1061 1083 1126 sol

75 1145 191 1209 lemnia
212 1145 274 1210 diis
294 1147 450 1227 waificia
469 1146 542 1225 feeit
563 1147 707 1228 ludosque
728 1147 825 1212 edidit
844 1152 875 1212 cl
889 1149 925 1212 in
944 1151 1084 1214 mnoioia

71 1233 221 1314 festosque
256 1234 320 1299 dios
355 1234 474 1298 haoait
508 1235 661 1312 animum,
696 1240 733 1299 ut
761 1255 834 1301 maa
867 1237 903 1300 in
937 1257 1084 1302 nonaum

73 1341 201 1402 operam
234 1342 342 1386 curam
376 1327 466 1403 atque
500 1323 674 1388 ministeria
709 1324 842 1389 calidior
872 1325 1083 1390 intenderetur.

74 1409 138 1475 Sed
171 1411 233 1475 ista
267 1411 442 1492 oolomtem,
478 1411 559 1476 velut
592 1412 705 1476 iniecta
739 1432 849 1494 mann,
882 1413 986 1492 fatum
1020 1415 1083 1480 alio

74 1499 176 1562 traail
204 1499 357 1580 vitamque
387 1499 546 1564 carissimo
579 1501 750 1565 amicornm
775 1502 840 1566 eius
866 1521 960 1583 neone
988 1503 1083 1567 medlo

68 1591 142 1668 post
172 1587 233 1669 ipsi
261 1607 377 1669 quoque
406 1589 471 1670 ropi
501 1590 633 1653 entorsit.
682 1588 799 1655 Pueros
829 1590 866 1654 in
895 1591 995 1655 stadio
1022 1611 1083 1656 eer-

75 1680 174 1740 tanies
199 1676 361 1758 spectabat,
388 1696 458 1739 cnm
484 1677 649 1741 nuntiatur
672 1679 795 1760 deficere
820 1677 1083 1762 Hephaestionem,

74 1765 130 1845 qni
159 1764 263 1828 morho
293 1783 330 1828 en
361 1764 489 1846 crapula
524 1770 676 1830 contracto
712 1767 873 1848 septimum
907 1767 972 1830 iam
1003 1768 1084 1832 diem

74 1852 257 1934 aeprotahat.
301 1852 479 1917 Exterritus
509 1854 603 1917 amici
627 1855 766 1936 periculo
794 1856 900 1919 statim
930 1856 1085 1938 corisurpit

74 1946 103 2004 et
124 1941 169 2005 ad
185 1939 351 2022 hospitium
368 1941 455 2005 illins
472 1941 605 2005 celeriter
623 1942 740 2024 perpit:
761 1963 856 2025 nepae
873 1948 975 2008 tamen
990 1946 1084 2026 prius

75 2049 108 2094 eo
130 2029 281 2113 pervenit,
309 2049 403 2110 orcam
429 2029 519 2093 illum
545 2050 627 2094 mors
649 2036 827 2112 occupasset.
872 2031 916 2096 Id
935 2035 1000 2115 repi
1021 2053 1082 2098 om

75 2119 173 2201 nium,
190 2117 320 2198 quaein
337 2118 402 2181 oila
416 2118 595 2200 pertulerat,
612 2119 808 2184 aduersorum
827 2121 1083 2186 luctuosissimum

74 2206 218 2270 accidisse
241 2210 354 2270 certum
378 2205 504 2270 habetur
530 2227 656 2288 cumque
681 2210 893 2290 nrapnitndine
914 2211 1027 2275 doloris
1048 2211 1084 2274 in

76 2295 222 2359 lacrimas
248 2298 277 2358 et
304 2295 437 2358 lamenta
465 2295 577 2360 autum
604 2297 702 2360 multa
729 2298 830 2362 animi
851 2299 887 2362 de
910 2300 1013 2380 prada
1034 2300 1082 2364 dc-

74 2383 144 2447 iecti
161 2388 343 2465 arpumenta
359 2383 494 2448 edidisse.
529 2382 592 2449 Sed
607 2405 644 2448 ea
661 2386 782 2466 quidem
798 2387 884 2450 varie
901 2388 1082 2451 traduntur:

74 2472 156 2536 illud
171 2472 251 2535 inter
268 2491 371 2536 annes
387 2476 516 2549 constat,
537 2477 574 2536 ut
589 2493 683 2554 quom
700 2475 924 2538 decentissimas
941 2476 1084 2555 exequias

75 2561 102 2623 ei
129 2560 260 2641 duceret,
289 2559 422 2624 noluisse
446 2559 616 2625 Echatecms
646 2562 780 2643 sepeliri,
811 2563 864 2626 sed
883 2561 1084 2644 Babylonem,

74 2668 134 2729 quo
151 2648 216 2730 ipse
232 2666 425 2713 mnoessurns
442 2654 519 2731 nat,
539 2670 560 2711 a
577 2648 724 2714 Perdicca
741 2649 853 2729 deferri
870 2669 1004 2715 anasse:
1027 2650 1083 2715 ihi·

75 2757 132 2817 qrre
155 2736 254 2817 funere
279 2736 420 2801 inaudita
446 2734 574 2801 antehac
598 2739 731 2819 eamnplo
757 2738 914 2802 duodecim
936 2739 1083 2803 talentum

76 2825 201 2889 milibus
227 2825 377 2889 locamsse.
422 2824 484 2889 Per
504 2825 683 2890 cotoneum
704 2831 780 2890 certe
801 2826 964 2906 imperium
987 2828 1084 2909 luperi

76 2933 146 2976 eum
171 2912 277 2977 iussit:
307 2917 337 2977 et
356 2932 396 2976 ne
416 2913 565 2977 memoria
586 2914 650 2979 eius
680 2915 716 2978 in
746 2915 877 2979 merdin
903 2915 1083 2999 exolesceret,

76 3000 237 3082 equituhus,
267 3002 337 3082 quis
361 3001 554 3083 praefuerat,
580 3003 702 3067 nullum
718 3003 870 3085 praefecit
889 3005 1005 3086 ducem,
1032 3005 1085 3068 ced

76 3088 313 3170 Hephaestionis
339 3090 424 3153 alani
450 3090 601 3172 appellent
627 3091 723 3156 voluit
743 3096 783 3174 et,
814 3111 891 3172 quae
918 3093 970 3156 ille
992 3093 1083 3174 sipna

76 3178 268 3256 instituisset,
296 3197 332 3241 ea
358 3197 421 3242 non
447 3179 615 3242 immutari.
659 3179 820 3244 Bhrnebria
847 3181 1015 3245 certamina
1037 3180 1083 3244 lu-

77 3266 199 3350 dosque,
230 3267 333 3348 quoles
363 3286 531 3347 nnnmnom
561 3266 635 3331 editi
660 3267 803 3352 fuissent,
835 3269 998 3334 meditatus
1020 3269 1083 3333 tria

77 3355 231 3435 artificum
261 3354 352 3418 milia
383 3355 490 3436 coepit:
521 3356 576 3436 qui
605 3375 668 3420 non
698 3356 794 3421 multo
822 3362 891 3438 post
921 3357 957 3420 in
984 3357 1083 3438 ipsius

77 3443 210 3525 cummis
232 3447 359 3508 certasse
374 3443 527 3522 feruntur.
562 3443 627 3508 Nec
648 3445 742 3509 amici
760 3450 824 3509 tam
845 3443 940 3524 effuso
961 3445 1082 3525 adfectu

77 3531 118 3595 ad
143 3530 367 3596 conciliandam
393 3531 459 3595 eius
479 3533 617 3613 pratiorn
638 3533 767 3615 sepnitcr
787 3533 838 3598 usi
858 3534 995 3597 certatim
1015 3554 1080 3614 rep-

73 3639 189 3704 perere,
210 3639 268 3701 per
291 3639 370 3701 quae
390 3621 539 3684 memoria
560 3620 694 3700 defuncti
715 3621 829 3686 clarior
850 3620 1082 3702 honoratiorque
