2552 4108
257 223 507 282 HISTORIARUM
524 225 738 282 ΑΒΕΧΑΝΒΒΙ
755 228 807 296 111,
828 234 870 284 rr.
1024 228 1068 292 25

62 389 201 452 quorum
223 389 358 450 corpora
383 370 561 453 invenerat,
590 368 759 436 Persarum
786 393 911 456 quoque
937 372 1068 438 nobilis·

61 457 152 522 simis
186 457 322 522 eundem
351 457 505 523 honorem
533 459 646 524 heberi
672 460 761 524 iubet
786 460 944 544 matrique
970 460 1068 524 Darei

60 547 231 630 permittit,
253 567 333 630 quos
347 546 450 625 vellet,
472 547 576 630 patrio
589 569 677 612 more
692 548 848 630 sepeliret.
873 547 936 613 Ille
948 569 1067 630 paucos
1088 570 1120 620 ιι

61 637 131 698 arta
165 633 407 717 propinquitate
439 635 624 700 coniunctos
656 657 714 719 pro
745 635 859 700 habitu
889 637 1067 720 praesentis

60 722 213 786 fortunae
230 722 356 788 humari
368 722 470 805 iussit,
493 726 682 806 apparatum
695 723 852 806 funerum,
875 746 938 808 quo
952 723 1068 788 Persae

61 831 214 893 suprema
236 809 341 876 officia
358 810 565 895 celebrarent,
585 811 777 876 invidiosum
790 811 859 876 fore
873 812 1069 891 existimans,

62 919 133 962 cum
157 899 297 964 uictores
319 898 406 964 haud
423 899 562 981 pretiose
580 905 804 965 cremarentur.
830 899 961 985 Iamque
975 901 1067 964 iustis
1088 921 1120 971 15

63 986 289 1052 defunctorum
310 987 496 1069 corporibus
519 987 632 1051 solutis
654 988 832 1070 praemittit
854 987 895 1052 ad
917 989 1068 1073 captivas,

61 1075 1068 1249 tt.latetetettttetltttttttffltltlt
1089 1187 1121 1236 a

64 1251 208 1316 omnium
230 1251 404 1317 amicorum
426 1251 607 1316 carissimus
630 1255 699 1315 erat
720 1251 805 1336 regi,
828 1273 900 1316 cum
922 1252 993 1335 ipso
1012 1275 1068 1335 pa-

63 1338 139 1402 riter
169 1339 318 1422 eductus,
349 1342 542 1404 secretorum
572 1341 715 1404 omnium
744 1339 876 1404 arbiter:
911 1340 1069 1404 libertatis

65 1448 189 1511 quoque
220 1428 256 1490 in
285 1427 483 1492 admonendo
510 1448 547 1491 eo
574 1449 641 1492 non
668 1428 749 1492 alius
775 1429 875 1510 magis
898 1427 948 1492 ius
971 1427 1068 1491 habe-

64 1513 131 1599 bat,
155 1515 243 1600 quod
265 1518 374 1580 tamen
395 1515 442 1580 ita
463 1516 652 1598 usurpabat,
674 1520 711 1580 ut
732 1516 836 1600 magis
859 1537 879 1578 a
900 1535 975 1600 rege
997 1536 1068 1598 per·

64 1603 210 1687 missum,
240 1625 336 1688 quam
366 1603 562 1668 vindicatum
593 1604 633 1667 ab
661 1625 699 1668 eo
726 1603 896 1668 videretur:
927 1606 960 1666 et
987 1602 1070 1666 sicut

65 1694 167 1756 aetate
194 1713 256 1775 par
284 1695 353 1756 erat
378 1692 461 1776 regi,
491 1692 538 1755 ite
564 1692 706 1774 corporis
732 1691 845 1755 habitu
874 1690 1068 1775 praestabat.

64 1775 150 1864 Ergo
178 1779 312 1864 reginae
337 1780 429 1844 illum
451 1800 520 1844 ease
541 1799 650 1862 regem
672 1782 761 1842 ratae
784 1801 841 1843 suo
864 1799 952 1843 more
975 1798 1120 1847 vene-1⁷

66 1870 151 1932 ratae
175 1871 260 1932 sunt.
291 1867 371 1931 Inde
394 1889 433 1931 ex
455 1866 588 1949 captivis
611 1866 816 1949 spadonibus,
839 1867 910 1950 quis
930 1865 1067 1930 Alexan·

67 1952 121 2017 der
133 1959 228 2038 esset,
241 1954 495 2019 monstrantibus
507 1951 695 2038 Sisigambis
709 1954 859 2019 advoluta
872 1957 922 2019 est
934 1953 1068 2038 pedibus

68 2041 145 2126 eius,
175 2042 412 2130 ignorationem
441 2064 615 2125 numquam
647 2044 743 2107 antea
772 2042 834 2108 visi
864 2043 949 2126 regia
976 2063 1068 2106 excu-

68 2149 149 2195 sans.
181 2131 288 2208 Quam
309 2153 409 2195 manu
431 2131 580 2194 adlevans
602 2151 667 2214 rex,
690 2127 777 2194 ‘Non
799 2130 934 2213 errasti',
955 2131 1069 2215 inquit,

23 2208 187 2302 32‘mater,
210 2241 287 2284 nam
310 2221 343 2283 et
364 2219 416 2283 hic
428 2218 609 2282 Alexander
631 2217 700 2283 est'.
735 2217 893 2302 Equidem
914 2218 976 2283 hac
994 2240 1068 2282 eon·
1089 2239 1121 2288 18

68 2304 202 2373 tinentia
224 2307 324 2372 animi
346 2308 373 2372 si
397 2307 437 2370 ad
459 2307 607 2371 ultimum
626 2308 710 2371 vitae
727 2328 928 2390 perseverare
947 2306 1068 2390 potuis·

70 2397 127 2476 set,
157 2396 331 2460 feliciorem
358 2395 457 2459 fuisse
483 2395 655 2477 crederem,
687 2417 783 2478 quam
808 2395 896 2459 risus
919 2399 1068 2475 estesse,

69 2499 137 2546 cum
167 2483 277 2548 Liberi
306 2483 408 2567 patris
438 2483 618 2546 imitaretur
646 2483 859 2566 triumphum,
894 2502 994 2565 usque
1027 2481 1067 2544 ab

68 2565 277 2656 Hellesponto
300 2572 340 2636 ad
355 2570 516 2636 Oceanum
538 2591 649 2634 omnes
672 2574 784 2655 gentes
806 2569 941 2634 victoria
962 2589 1067 2632 emen·

70 2675 129 2723 rus.
165 2658 217 2726 Sic
239 2659 368 2726 vicisset
389 2659 534 2743 profecto
552 2659 734 2741 superbiam
752 2662 847 2741 atque
869 2657 960 2739 iram,
982 2656 1068 2720 mala
1088 2677 1120 2726 19

69 2741 198 2814 invicta:
222 2749 267 2813 sic
289 2747 497 2813 abstinuisset
511 2747 595 2811 inter
607 2746 716 2830 epulas
731 2745 879 2810 caedibus
893 2744 1067 2809 amicorum

70 2837 275 2921 egregiosque
292 2837 377 2901 bello
395 2837 481 2901 viros
498 2838 531 2899 et
547 2837 598 2900 tot
615 2833 760 2919 gentium
775 2853 882 2898 secum
896 2833 1068 2898 domitores

70 2917 186 2988 indicta
209 2946 306 2990 causa
327 2925 446 2989 veritus
469 2926 553 2988 esset
575 2921 726 2986 occidere.
762 2919 824 2986 Sed
842 2921 987 2987 nondum
1004 2920 1068 2984 for·
1087 2941 1121 2990 ao

70 3008 146 3074 tuna
182 3034 215 3077 re
252 3013 358 3078 animo
394 3012 461 3076 eius
493 3009 728 3095 superfuderat:
772 3010 880 3094 itaque
913 3010 1068 3073 orientem

70 3095 135 3161 tam
160 3101 322 3166 moderate
350 3104 383 3165 et
403 3099 576 3183 prudenter
598 3098 684 3181 tulit,
712 3097 752 3161 ad
775 3098 923 3161 ultimum
946 3096 1068 3180 magni·

71 3182 210 3253 tudinem
237 3190 304 3254 eius
329 3210 397 3254 non
424 3187 516 3272 cepit.
560 3185 650 3250 Tunc
677 3185 804 3269 quidem
830 3186 877 3250 ita
903 3206 937 3250 se
960 3184 1068 3268 gessit,
1087 3206 1119 3253 ιι

71 3273 105 3333 ut
130 3296 240 3342 omnes
267 3280 342 3341 ante
364 3298 438 3340 eum
458 3294 550 3359 reges
573 3277 606 3338 et
627 3274 825 3339 continentia
846 3277 879 3338 et
899 3272 1069 3338 clementia

73 3357 275 3429 vincerentur.
319 3363 469 3449 Virgines
496 3363 624 3447 reginas
652 3362 834 3426 excellentis
855 3361 978 3426 formae
1000 3364 1068 3424 tam

74 3454 176 3516 sancte
202 3453 329 3537 habuit,
361 3474 457 3536 quam
484 3451 512 3516 si
538 3451 650 3514 eodem
677 3472 740 3535 quo
767 3450 835 3534 ipse
858 3451 991 3533 parente
1013 3468 1067 3533 ge-

73 3533 154 3602 nitae
184 3541 303 3607 forent:
335 3541 504 3624 coniugem
531 3539 683 3620 eiusdem,
710 3559 805 3621 quam
836 3538 926 3601 nulla
952 3536 1067 3599 aetatis
1087 3557 1119 3605 22

74 3638 145 3688 ⁸11ae
170 3628 403 3712 pulchritudine
431 3627 572 3710 corporis
599 3626 689 3709 vicit,
715 3625 794 3690 adeo
816 3626 884 3709 ipse
911 3645 977 3688 non
1002 3623 1067 3686 vio·
