2602 4094
223 145 289 211 232
593 146 626 214 Q.
643 145 754 204 CURTI
770 147 857 202 num

221 293 256 357 et
277 287 392 356 Cilicia
414 289 571 356 inundata
592 311 705 357 eruore
727 289 898 356 Persarum
920 295 955 356 et
975 287 1106 374 Arbela,
1129 290 1212 368 cuius

166 394 203 444 ar
221 379 328 462 campi
354 378 550 444 devictorum
576 402 598 445 a
617 379 713 444 nobis
735 380 862 444 ossibus
891 380 986 444 strati
1014 383 1095 444 sunt
1141 375 1213 444 Sero

220 467 365 533 hostium
392 468 537 552 legiones
564 488 730 532 numerare
756 468 923 551 coepistis,
948 471 1119 552 postquam
1145 467 1213 532 soli-
1280 531 1281 538 ,

219 555 365 622 tudinem
394 555 428 620 in
456 555 536 619 Asia
561 555 716 621 vincendo
738 555 870 620 fecistis.
914 553 996 621 Cum
1021 577 1080 639 per
1099 553 1213 620 Helles·

218 648 355 726 pontum
376 643 615 727 navigaremus,
635 643 675 708 de
696 644 859 727 paucitate
881 647 995 708 nostra
1015 646 1102 727 cogat
1079 643 1212 708 'tandum

219 731 295 797 fuit.
324 752 410 795 nunc
435 751 495 796 nos
518 727 658 815 Scythae
687 736 877 817 sequuntur,
903 730 1077 797 Bactriana
1103 731 1213 796 auxilia

220 822 351 902 praesto
378 822 466 903 sunt,
492 817 605 884 Dahae
632 816 849 904 Sogdianique
876 819 961 885 inter
986 841 1047 884 nos
1070 819 1212 921 militant

169 924 203 971 ao
222 904 291 970 Nec
307 911 417 971 tamen
434 868 484 972 illi
502 907 615 972 turbae
633 908 766 973 confido.
801 907 884 973 Veet
869 910 938 972 tras
956 907 1253 986 manusmintueor,10

220 998 363 1058 vestram
388 995 540 1061 virtutem
567 1017 688 1079 rerum,
715 1017 795 1080 quaa
823 1001 974 1080 gesturus
1003 1018 1090 1079 sum,
1112 955 1213 1060 vadeni

221 1081 432 1167 praedemque
453 1084 564 1149 habeo.
607 1083 765 1160 Quamdiu
787 1084 953 1149 vobiscum
975 1085 1010 1148 in
1032 1084 1099 1149 acie
1120 1084 1213 1164 stabo,

221 1190 280 1235 nec
307 1171 370 1234 mei
396 1192 455 1237 nec
481 1171 624 1237 hostium
653 1171 810 1237 exercitus
840 1193 983 1238 numero.
1027 1170 1096 1237 Vos
1126 1170 1213 1236 modo

222 1259 346 1324 animos
377 1259 459 1324 mihi
489 1260 602 1343 plenos
635 1260 812 1324 alacritatis
839 1281 878 1325 ac
904 1258 1039 1324 fiduciae
1066 1259 1214 1324 adhibete.

168 1361 202 1411 zo
221 1345 296 1412 Non
318 1346 353 1410 in
375 1347 486 1413 limine
508 1368 641 1431 operum
663 1347 873 1432 laborumque
894 1352 1093 1426 nostrorum,
1115 1347 1214 1412 sedin

222 1435 309 1500 exitu
327 1439 459 1502 stamus.
490 1434 697 1501 Pervenimus
716 1437 757 1501 ad
776 1437 853 1501 solis
872 1439 979 1503 ortum
997 1441 1030 1500 et
1048 1435 1212 1501 Oceanum:

221 1523 284 1588 nisi
306 1523 417 1587 obstat
438 1524 578 1608 ignavia,
600 1525 674 1588 inde
696 1524 836 1589 victores
865 1524 1045 1607 perdomito
1072 1524 1133 1588 fine
1159 1527 1213 1587 ter·

221 1632 330 1677 rarum
363 1616 559 1676 revertemur
589 1611 624 1676 in
655 1613 804 1695 patriam.
857 1611 980 1694 Nolite,
1017 1612 1101 1696 quod
1135 1609 1213 1695 pigri

222 1699 382 1783 agricolae
395 1699 532 1784 faciunt,
548 1704 691 1764 maturos
706 1701 828 1765 fructus
842 1722 900 1783 per
913 1701 1063 1766 inertiam
1078 1701 1214 1764 amittere

169 1803 203 1852 27
222 1808 240 1852 e
253 1788 411 1854 manibus.
446 1784 572 1854 Maiora
586 1791 661 1853 sunt
673 1789 823 1873 periculis
836 1789 992 1871 praemia:
1009 1789 1099 1853 dives
1112 1787 1212 1852 eedem

222 1878 256 1940 et
274 1876 403 1942 inbellis
422 1879 472 1941 est
489 1876 589 1962 regio.
628 1875 742 1960 Itaque
764 1898 829 1941 non
851 1880 918 1941 tam
941 1877 982 1941 ad
1004 1877 1141 1960 gloriam
1160 1895 1212 1939 vos

222 1963 313 2047 duco,
336 1986 433 2048 quam
455 1964 675 2048 adpraedam.
715 1965 814 2048 Digni
836 1965 930 2048 estis,
952 1965 1009 2049 qui
1031 1986 1121 2048 opes,
1142 1985 1211 2046 quas

222 2050 303 2114 illud
316 2073 404 2116 mare
422 2052 571 2117 litoribus
590 2052 722 2135 invehit,
739 2053 886 2117 referatis
905 2054 939 2117 in
959 2053 1109 2136 patriam,
1125 2051 1212 2136 digni,

222 2138 278 2222 qui
298 2138 380 2203 nihil
403 2141 618 2224 inexpertum,
639 2141 723 2205 nihil
745 2146 833 2222 metu
852 2140 1007 2205 omissum
1025 2139 1211 2224 relinquatis,

169 2238 203 2286 28
222 2224 284 2289 Per
305 2247 363 2290 vos
386 2227 585 2312 gloriamque
608 2233 757 2311 vestram,
782 2250 844 2312 qua
861 2229 1038 2293 humanum
1055 2228 1210 2312 fastigium

223 2314 382 2396 exceditis,
399 2335 518 2417 perque
537 2321 568 2380 et
586 2338 658 2380 mea
676 2317 709 2380 in
728 2338 785 2381 vos
802 2317 862 2382 et
852 2338 886 2380 ιιι
904 2339 956 2381 me
975 2322 1083 2382 restra
1100 2317 1213 2396 merila,

222 2402 338 2488 quibus
360 2403 475 2468 invicti
496 2406 729 2488 contendimuS,
752 2427 808 2470 oro
832 2426 1028 2489 quaesoque,
1049 2427 1092 2470 ne
1114 2405 1212 2469 huma·

221 2513 335 2558 narum
362 2514 468 2558 rerum
499 2494 654 2558 terminos
682 2455 799 2558 adbunt
785 2497 851 2558 tem
879 2493 1045 2558 alumnum
1071 2491 1213 2558 commili-

169 2593 203 2642 29
222 2585 394 2684 tonemque
412 2603 467 2647 res
469 2584 565 2666 trum,
581 2603 623 2646 ne
637 2581 740 2646 dicam
765 2602 887 2666 regem,
910 2581 1074 2646 deseratis
1110 2579 1214 2647 Cetera

222 2671 346 2735 vobis
336 2672 507 2772 rmperavi,
529 2670 591 2734 hoc
613 2691 713 2734 unum
735 2670 823 2734 debit
809 2675 900 2734 turus
928 2691 1008 2748 sum.
1048 2669 1213 2762 Etruros

221 2777 316 2842 rogo,
345 2761 400 2860 qui
425 2759 510 2823 nihil
530 2780 683 2842 umquam
705 2758 798 2823 vobis
820 2758 980 2840 praecepi,
1002 2749 1089 2843 quin
1102 2757 1213 2841 primus

221 2846 1214 3020 lhPlllleglllflelllllnthelesll.

222 3025 325 3089 culem
343 3021 554 3107 Liberumque
573 3022 716 3104 Patrem,
736 3022 763 3087 si
781 3022 901 3086 invidia
919 2985 1057 3103 afuerit‚⁷
1072 3020 1215 3106 aequabo.

169 3123 203 3172 30
221 3111 307 3178 Date
328 3111 391 3175 hoc
411 3111 558 3193 precibus
586 3113 665 3176 meis
689 3114 722 3176 et
750 3110 881 3175 tandem
904 3109 1104 3175 obstinatum
1131 3110 1214 3174 silen-

221 3201 305 3265 tium
326 3199 472 3282 rumpite.
507 3198 574 3264 Ubi
597 3205 647 3264 est
668 3200 724 3264 ille
742 3199 876 3282 clamor,
899 3198 1078 3263 alacritatis
1099 3200 1215 3263 vestrae

221 3287 338 3352 index?
360 3287 417 3353 ubi
439 3287 495 3351 ille
514 3307 657 3352 meorum
675 3248 887 3352 Macedonum
909 3286 980 3351 vult
980 3286 1058 3352 usl·
1077 3285 1152 3352 Non
1168 3283 1215 3349 ad·

222 3395 341 3462 gnosco
374 3397 445 3455 vos,
482 3375 568 3438 milit
554 3378 616 3459 les,
652 3398 710 3441 nec
743 3375 896 3459 adgnosci
931 3374 1042 3439 videor
1073 3397 1094 3440 a
1124 3371 1214 3440 vobis.

223 3463 340 3530 Surdas
360 3425 545 3530 iamdudum
569 3484 661 3528 aures
683 3463 792 3548 pulso,
815 3483 945 3528 aversos
969 3462 1097 3528 animos
1119 3461 1183 3528 et
1174 3482 1214 3524 rn-

170 3564 203 3612 31
221 3553 342 3617 fractos
358 3553 495 3616 excitare
509 3549 627 3614 conor’.
658 3550 801 3633 Cumque
819 3551 920 3615 illim
938 3555 1061 3616 terram
1077 3543 1250 3615 demissisll
