2582 4098
187 182 193 192 ·
211 233 275 297 106
580 233 610 297 Q.
631 231 741 288 cunm
757 233 844 287 RUFI

172 397 190 449 r
210 377 308 442 alium
325 398 420 461 posse
437 375 620 462 praestare?
655 375 774 442 Bessus
797 399 989 463 quamquam
1012 382 1081 443 erat
1100 376 1214 443 Graeci
1222 380 1248 443 el

210 466 364 530 sermonis
390 466 537 550 ignarus,
564 469 674 530 tamen
700 467 886 530 stimulante
913 467 1113 532 conscientia
1135 467 1216 530 indi·

210 554 293 618 cium
319 553 463 636 profecto
489 552 662 618 Patronem
689 553 840 618 detulisse
867 555 1028 619 credebat:
1061 558 1093 619 et
1117 556 1216 619 inter-
1273 546 1274 567 ¹

207 642 291 725 preti
325 641 427 705 relato
463 662 608 706 sermone
639 641 753 706 Graeci
786 646 932 726 exempta
964 643 1127 708 dubitatio
1161 647 1217 706 est

208 729 332 794 Dareus
351 732 468 813 autem,
490 733 646 813 quantum
664 750 703 793 ex
720 731 812 794 vultu
829 730 954 814 concipi
970 734 1109 815 poterat,
1131 729 1216 795 haud

209 839 286 882 eane
307 817 437 881 territus
458 819 640 901 percontari
656 817 797 882 Patrona
819 839 947 883 cansam
970 819 1105 903 consilii,
1132 818 1216 904 quod

173 905 361 989 aadferret,
397 905 510 988 coepit.
562 905 621 970 llle
656 927 723 970 non
753 905 839 970 ultra
870 906 1079 971 differendum
1117 910 1216 989 ratus,

210 990 365 1076 ‘Bessus',
395 992 513 1076 inquit,
544 992 589 1058 ‘et
614 991 819 1058 Nabarzanes
848 994 1041 1059 insidientur
1066 994 1148 1060 tibi:
1184 995 1216 1058 in

209 1080 322 1145 ultimo
350 1079 531 1146 discrimine
559 1103 593 1146 es
618 1081 767 1146 fortunae
788 1085 863 1146 tuae
885 1086 918 1146 et
939 1082 1038 1147 ritae:
1069 1082 1127 1147 hic
1152 1082 1216 1145 dies

174 1171 267 1237 aaut
291 1167 456 1250 parricidis
488 1173 545 1234 aut
569 1169 630 1233 tibi
657 1170 784 1234 futurus
815 1168 971 1235 ultimus'.'
1014 1169 1060 1235 Et
1089 1169 1216 1236 Patron

210 1255 337 1340 quidem
377 1258 538 1341 egregiam
579 1258 759 1322 conservati
793 1258 879 1342 regis
915 1258 1051 1342 gloriam
1085 1259 1216 1323 tulerat

158 1364 191 1412 ιο
209 1341 352 1408 Eludant
373 1365 425 1408 me
446 1345 529 1428 lieet,
551 1345 665 1428 quibus
685 1345 769 1410 forte
786 1349 905 1410 temere
922 1345 1064 1410 humane
1081 1346 1215 1432 negotia

208 1431 295 1497 volvi
321 1432 436 1516 agique
464 1454 652 1516 persuasum
681 1437 743 1498 est:
778 1434 914 1516 quidem
941 1434 1008 1515 fato
1034 1435 1215 1499 addiderim

208 1541 354 1604 nexuque
381 1541 548 1584 causarum
578 1520 747 1585 latentium
778 1524 810 1585 et
839 1522 942 1587 multo
971 1526 1047 1587 ante
1073 1522 1213 1587 destina-

208 1612 315 1673 tarum
346 1629 438 1672 suum
468 1628 624 1691 quemque
654 1609 798 1674 ordinem
827 1609 1010 1674 inmutabili
1040 1610 1112 1695 lege
1146 1631 1215 1694 per-

157 1716 342 1765 11currere.
378 1694 502 1760 Dareus
524 1699 609 1760 certe
631 1697 803 1781 respondit,
826 1719 1018 1781 quamquam
1038 1698 1101 1763 sibi
1115 1697 1213 1764 Gree-

208 1806 318 1849 corum
340 1783 478 1848 militum
499 1783 578 1848 fides
600 1787 678 1850 nota
704 1786 760 1868 sit,
785 1806 960 1869 numquam
981 1789 1092 1850 tamen
1114 1809 1138 1850 a
1160 1807 1213 1870 po

208 1872 372 1955 puleribus
400 1873 466 1936 suis
492 1893 698 1938 recessurum.
742 1872 911 1938 Difficilius
940 1874 1001 1938 sibi
1029 1895 1098 1938 esse
1126 1875 1211 1939 dam-

209 1981 300 2041 nare,
323 1981 418 2043 quam
442 1959 553 2044 decipi.
598 1961 757 2045 Quidquid
778 1961 847 2025 fors
869 1962 1007 2046 tulisset,
1029 1962 1115 2026 inter
1140 1981 1211 2028 suos

208 2047 332 2130 perpeti
354 2047 457 2132 melle,
481 2070 577 2133 qnam
597 2049 799 2134 transfugam
821 2048 899 2115 fieri.
944 2047 1021 2115 Sero
1045 2070 1078 2114 se
1100 2051 1211 2134 perire,

159 2155 190 2204 12
210 2134 238 2198 si
265 2133 389 2197 salvum
420 2156 488 2199 esse
515 2136 632 2200 milites
657 2137 706 2201 sui
726 2137 858 2201 nollent
901 2134 1024 2202 Patron
1045 2137 1212 2222 desperata

208 2221 293 2305 regis
316 2222 418 2285 salute
440 2221 481 2285 ad
503 2244 566 2301 eos,
589 2223 705 2307 quibus
724 2227 880 2308 praeerat,
901 2224 1004 2309 rediit,
1027 2226 1138 2290 omnia
1155 2247 1210 2312 pro

208 2308 271 2373 fide
294 2308 429 2392 experiri
449 2314 589 2392 paratus.

624 2467 702 2536 One.
723 2469 795 2536 XII.

147 2598 189 2644 .1
296 2573 342 2639 At
363 2573 481 2640 Bessus
509 2575 672 2641 occidendi
697 2576 843 2659 protinus
869 2576 955 2661 regis
981 2577 1138 2661 impetum
1164 2571 1245 2642 ee-el

207 2666 308 2746 perat
353 2661 416 2728 Sed
437 2663 571 2746 veritus,
592 2685 633 2729 ne
655 2665 792 2748 gratiam
813 2663 997 2748 Alexandri,
1018 2664 1082 2729 nisi
1103 2665 1209 2730 virum

209 2769 282 2813 eum
304 2750 500 2835 tradidisset,
521 2752 602 2815 inire
623 2773 689 2816 non
710 2756 833 2836 posset,
855 2752 954 2818 dilato
977 2753 1012 2816 in
1032 2752 1210 2836 proximam

208 2841 336 2901 noctem
355 2838 481 2903 sceleris
499 2840 632 2904 oonsilio
651 2860 745 2924 agere
762 2841 827 2923 rapi
843 2841 965 2924 gratias
982 2840 1106 2924 incipit,
1127 2839 1209 2924 quod

208 2925 320 3007 perfidi
346 2925 485 2990 hominis
508 2927 653 3010 insidias,
682 2927 747 2991 iam
769 2927 943 2992 Alexandri
966 2949 1042 3012 opes
1066 2932 1209 3012 spectan·
1276 2995 1277 3006 ,

208 3012 264 3095 tis,
294 3013 468 3097 prudenter
498 3019 651 3100 cauteque
681 3016 824 3080 vitasset
873 3014 1003 3081 Donum
1030 3037 1104 3080 eum
1125 3013 1209 3081 hosti

174 3119 190 3169 2
208 3099 349 3165 laturum
370 3101 469 3166 fuisse
490 3103 575 3188 regis
598 3106 703 3186 eaput
736 3101 805 3168 Nec
822 3103 932 3168 mirari
948 3104 1112 3169 hominem
1130 3125 1209 3168 mer-

209 3188 282 3252 cede
309 3189 500 3254 conductum
528 3192 636 3255 omnia
661 3191 779 3255 habere
806 3192 946 3256 venalia:
978 3192 1046 3256 sine
1068 3192 1208 3277 pignore,

208 3275 278 3340 sine
299 3278 375 3362 lare,
396 3282 553 3342 terrarum
576 3279 662 3343 orbis
683 3280 815 3363 exulem,
836 3280 1008 3363 ancipitem
1025 3280 1152 3345 hostem
1169 3279 1207 3344 ad
1276 3329 1277 3342 ,

173 3368 322 3433 cnutum
341 3366 506 3431 licentium
524 3366 727 3431 circumferri.
762 3365 919 3453 Purganti
937 3367 1050 3432 deinde
1069 3389 1103 3432 se
1121 3368 1206 3432 deos·
1276 3395 1277 3426 r

208 3473 268 3535 que
299 3454 421 3536 patrios
451 3457 550 3518 testes
576 3454 650 3517 fidei
676 3475 752 3519 suae
780 3455 942 3520 invocanti
967 3454 1092 3520 Dareus
1118 3456 1206 3522 uultu

208 3539 458 3627 adsentiebatur,
489 3541 575 3606 haud
603 3542 730 3625 dubius,
758 3542 835 3627 quin
861 3565 937 3608 vera
963 3543 1162 3608 deferrentur
1188 3564 1205 3606 a
1276 3589 1277 3594 η

208 3625 349 3693 Gr‘···'··
389 3630 442 3694 'ei
469 3649 506 3693 eo
534 3650 640 3693 rerum
665 3633 796 3694 ventum
824 3634 904 3715 erat,
936 3633 973 3695 ut
998 3634 1066 3694 tam
1087 3632 1205 3715 pericn-
