2602 4094
285 215 536 270 HISTORIARUM
555 215 767 270 ALEXANDRI
786 216 819 284 X,
840 223 863 274 1.
883 222 907 270 2.
1032 216 1098 280 263

90 361 270 426 dissolvere
296 365 406 426 tamen
428 361 498 445 ipse
521 360 713 426 decreverat
757 359 811 424 Illi
833 360 988 444 temptari
1009 361 1098 444 ipsos
1118 371 1156 420 lo

91 450 171 531 rati,
199 470 262 534 quo
289 449 416 514 facilius
444 450 486 514 ab
509 449 645 533 integris
669 453 874 532 sumptuosos
897 449 1100 534 discerneret,

92 537 285 622 prolatando
314 538 514 620 aliquantum
542 542 747 603 extraxerant
769 537 934 622 temporis.
977 537 1023 602 Et
1044 559 1101 602 rex

92 636 175 692 satis
203 645 337 709 gnarus,
368 627 561 709 professioni
588 627 672 691 aeris
699 625 868 711 pudorem,
897 647 962 691 non
989 630 1102 692 contu·

92 715 231 779 maciem
254 715 393 797 obstare,
415 736 543 779 mensas
564 715 644 779 totis
667 716 783 780 castris
805 714 882 798 poni
902 715 999 780 iussit
1020 719 1054 780 et
1075 733 1100 780 x

93 803 186 867 milia
209 802 367 867 talentum
391 803 538 885 proferri.
583 803 666 868 Tum
688 803 818 868 demum
839 823 908 868 cum
930 803 992 867 fide
1013 803 1101 868 facta
1120 813 1153 861 11

93 891 254 975 professio
278 894 336 955 est.
377 890 446 956 Nec
470 891 608 974 amplius
631 912 670 956 ex
692 895 786 956 tanta
807 895 943 974 pecunia
966 909 1102 977 quamo

95 985 128 1043 et
151 998 223 1044 xxx
240 980 367 1044 talenta
389 980 583 1064 superfuere.
623 978 713 1044 Adeo
737 979 794 1044 ille
812 980 970 1045 exercitus
988 983 1039 1046 tot
1056 979 1103 1044 di-

94 1067 329 1133 vitissimarum
349 1068 494 1152 gentium
511 1069 612 1133 victor
625 1069 700 1151 plus
713 1071 823 1133 tamen
837 1069 991 1134 victoriae
1006 1090 1103 1153 quam

63 1156 84 1221 9
94 1156 233 1240 praedae
255 1155 440 1239 deportavit
458 1179 496 1220 ex
517 1155 607 1226 Asia
642 1155 792 1222 (letarum
811 1158 850 1221 ut
868 1157 1035 1240 cognitum
1053 1160 1104 1222 est
1121 1166 1156 1214 11

95 1245 179 1309 alios
210 1245 333 1309 remitti
366 1245 492 1329 domos,
525 1245 605 1309 alios
635 1245 783 1326 retineri,
814 1249 1003 1329 perpetuam
1030 1267 1104 1311 eum

93 1333 189 1416 regni
217 1333 325 1398 sedem
352 1333 387 1396 in
410 1331 491 1397 Asia
512 1333 700 1399 habiturum
722 1333 800 1415 rati,
827 1332 978 1398 vecordes
1002 1337 1036 1398 et
1059 1333 1105 1398 di·

95 1423 252 1504 sciplinae
270 1421 421 1486 militaris
440 1423 644 1487 immemores
663 1421 826 1487 seditiosis
845 1421 978 1486 vocibus
997 1425 1105 1486 castra

94 1510 252 1592 conplent
279 1529 452 1594 regemque
479 1510 617 1575 ferocius
640 1532 735 1594 quam
759 1510 841 1583 alias
864 1509 970 1575 adorti
992 1531 1104 1575 omnes

96 1597 194 1663 simul
218 1597 404 1662 missionem
426 1598 590 1682 postulare
613 1601 787 1682 coeperunt
810 1598 967 1663 deformia
984 1619 1042 1663 ora
1061 1597 1105 1663 ci·

95 1686 269 1752 catricibus
298 1687 510 1770 canitiemque
536 1687 680 1770 capitum
702 1689 911 1752 ostentantes.
955 1685 1024 1752 Nec
1047 1690 1104 1752 aut
1123 1696 1158 1744 1³

94 1775 332 1860 praefectorum
351 1775 565 1858 castigatione
584 1779 640 1841 aut
652 1775 844 1840 verecundis
856 1775 943 1860 regis
957 1775 1104 1840 deterriti
1153 1819 1155 1824 .

95 1864 296 1928 tumultuoso
316 1863 456 1928 clamore
472 1868 506 1927 et
519 1863 654 1927 militari
668 1864 823 1928 violentia
836 1864 1000 1928 volentem
1014 1862 1105 1949 loqui

95 1951 288 2016 inhibebant
313 1951 421 2035 palam
450 1952 597 2035 professi,
618 1974 777 2035 nusquam
804 1952 879 2016 inde
905 1952 968 2016 nisi
989 1951 1024 2015 in
1048 1974 1104 2036 pa-

95 2040 193 2104 triam
216 2040 390 2125 vestigium
413 2060 483 2106 esse
506 2043 660 2106 moturos.
696 2038 1157 2125 Tandamsilenriofaeto,1⁴

95 2129 202 2212 magis
234 2128 310 2210 quia
343 2132 466 2192 motum
498 2150 567 2193 esse
597 2127 783 2212 credebant,
812 2151 908 2214 quam
935 2129 1013 2213 quia
1040 2129 1104 2213 ipsi

96 2217 221 2281 moveri
246 2220 408 2300 poterant,
432 2216 585 2300 quidnam
609 2220 738 2282 acturus
762 2222 859 2301 esset,
884 2218 1105 2300 expectabant.

95 2304 172 2388 Ille,
199 2304 299 2381 ‘Quid
323 2304 431 2388 haec,'
458 2306 579 2390 inquit,
598 2303 729 2389 ‘repens
748 2307 965 2371 consternatio
984 2310 1103 2371 ettam
1123 2315 1158 2365 15

95 2415 216 2476 procax
239 2397 335 2476 atque
356 2393 456 2457 effusa
474 2393 607 2458 licentia
625 2393 817 2459 denuntiat?
848 2393 967 2478 Eloqui
987 2398 1105 2460 metuo.

96 2479 210 2546 Palam
236 2486 322 2546 certe
344 2481 478 2564 rupistis
507 2481 679 2566 imperium
707 2486 740 2547 et
765 2481 911 2566 precario
937 2503 995 2546 rex
1024 2504 1106 2564 sum,

97 2570 147 2634 cui
179 2591 243 2634 nou
282 2569 485 2653 adloquendi,
519 2591 587 2634 nou
618 2571 768 2634 noscendi
804 2569 1016 2653 monendique
1047 2573 1106 2634 aut

96 2657 242 2723 intuendi
269 2679 327 2723 vos
353 2659 404 2722 ius
431 2658 618 2741 reliquistis.
665 2656 824 2742 Equidem
852 2679 923 2722 cum
955 2657 1035 2723 alios
1059 2657 1159 2722 di·1o

96 2748 225 2811 mittere
247 2745 282 2810 in
303 2746 457 2829 patriam,
477 2747 558 2811 alios
582 2767 706 2811 mecum
726 2745 823 2829 paulo
842 2750 917 2830 post
935 2745 1106 2830 deportare

97 2834 282 2917 statuerim,
312 2839 381 2898 tam
410 2835 486 2899 illos
514 2834 734 2899 adclamantes
762 2833 868 2918 rideo,
901 2834 956 2918 qui
985 2835 1106 2899 abituri

97 2927 186 3005 suut,
209 2943 307 3006 quam
329 2923 403 3006 hos,
426 2943 498 2988 oum
520 2923 637 3007 quibus
655 2923 850 3006 praemissos
869 2922 1022 3008 subsequi
1041 2926 1106 2987 sta·

96 3011 154 3076 tui.
195 3008 279 3087 Quid
300 3010 363 3075 hoc
381 3014 431 3074 est
449 3010 519 3075 rei?
548 3011 670 3094 dispari
688 3011 723 3074 in
741 3031 839 3076 cause
856 3010 941 3076 idem
960 3010 1106 3076 omnium
1125 3021 1159 3071 1'1

96 3099 219 3164 clamor
243 3101 305 3165 est!
340 3098 500 3164 Pervelim
529 3099 625 3182 scire,
653 3103 762 3164 utrum
791 3101 846 3184 qui
874 3098 1041 3164 discedunt
1064 3121 1107 3163 an

94 3189 149 3268 qui
185 3188 366 3252 retinentur
393 3187 432 3252 de
460 3209 511 3252 me
539 3186 740 3273 querantur?
786 3185 939 3254 Crederes
962 3209 1026 3252 uno
1050 3197 1161 3253 ore18

97 3298 208 3340 omnes
236 3277 406 3341 sustulisse
432 3276 620 3342 clamorem:
653 3278 702 3341 ita
727 3277 852 3360 pariter
879 3297 918 3340 ex
939 3278 1011 3340 tota
1032 3296 1106 3340 con·

50 3361 184 3429 lOtione
216 3385 405 3448 responsum
433 3369 495 3447 est,
529 3387 639 3430 omnes
667 3365 767 3450 queri.
811 3365 893 3429 Tum
919 3364 988 3447 ille,
1016 3361 1108 3430 ‘Non
1127 3375 1161 3424 19

97 3450 243 3518 hercule'
278 3453 398 3537 inquit,
435 3451 559 3534 ‘potest
595 3454 678 3536 fieri,
714 3458 751 3519 ut
784 3453 923 3517 adducar
955 3452 1108 3536 querendi
1240 3513 1245 3520 .

97 3541 193 3606 simul
224 3541 374 3606 omnibus
405 3539 488 3604 hanc
523 3561 653 3606 oausam
686 3563 769 3626 esse,
802 3561 898 3624 quam
929 3540 1108 3623 ostenditis,

97 3629 130 3692 in
158 3651 222 3716 qua
259 3630 363 3694 maior
396 3650 471 3712 pars
504 3629 661 3694 exercitus
693 3651 759 3694 non
793 3633 856 3714 est,
894 3631 1008 3714 utpote
1035 3649 1108 3693 cum
