2600 4096
277 195 531 252 menomssou
548 165 765 251 1000101101
783 196 843 265 vn,
864 203 905 252 ιο,
927 203 967 253 11.
1059 198 1119 262 181

120 339 290 406 obtinebat
312 339 475 405 alimentis
499 343 573 405 ante
594 340 764 424 congestis,
786 362 868 424 quae
886 344 996 406 tantae
1015 342 1122 407 multi-

118 427 225 493 tudini
243 427 295 491 vel
312 450 371 511 per
389 427 555 492 biennium
578 431 793 511 suppeterent
838 427 936 494 Petra
956 430 992 493 in
1014 430 1157 496 altitu-a

118 516 229 580 dinem
246 534 321 580 xxx
340 517 459 581 eminet
477 517 592 598 stadia,
610 517 747 582 circuitu
765 534 785 582 0
804 521 837 582 et
854 535 876 580 n
896 518 1121 602 conplectitur:

117 604 261 688 undique
284 604 411 668 abscisa
433 608 466 669 et
488 605 626 687 abrupta
653 607 768 670 semita
790 610 986 690 perangusta
1008 606 1123 672 aditur.

117 691 157 757 In
187 691 294 757 medio
323 691 504 757 altitudinis
534 693 640 776 spatio
667 693 766 757 habet
794 715 937 777 specum,
969 693 1057 758 ouius
1087 707 1157 760 osa

118 784 228 845 artum
247 783 280 844 et
297 781 469 846 obscurum
486 783 545 864 est,
566 781 723 864 paulatim
743 781 857 845 deinde
874 781 1029 847 ulteriora
1046 805 1123 867 pan·

119 869 254 948 duntur,
279 868 396 934 ultima
422 869 520 934 etiam
548 870 632 934 altos
659 890 802 934 recessus
829 869 959 935 habent.
1003 869 1122 936 Fontes

117 978 178 1040 per
208 960 314 1021 totum
344 957 412 1021 fere
445 978 573 1041 specum
604 960 755 1041 manant,
787 980 804 1022 e
837 958 953 1042 quibus
986 959 1123 1024 collatae

119 1066 221 1128 aquae
248 1067 306 1127 per
331 1065 435 1129 prona
462 1046 581 1111 montis
608 1045 728 1110 flumen
754 1046 916 1111 emittunt
963 1046 1033 1111 Rex
1060 1048 1158 1113 locis

120 1132 312 1197 difficultate
327 1136 473 1217 spectata
492 1137 650 1198 statuerat
667 1133 742 1197 inde
760 1134 858 1215 abire,
877 1135 992 1218 cupido
1010 1135 1123 1200 deinde

119 1221 252 1286 incessit
270 1221 377 1286 animo
395 1225 544 1286 naturam
563 1243 689 1306 quoque
702 1221 869 1306 fatigandi.
905 1223 999 1288 Prius
1014 1228 1124 1288 tamen
1142 1233 1158 1283 o

121 1331 217 1392 quam
230 1309 396 1373 fortunam
410 1309 586 1374 obsidionis
601 1310 806 1393 experiretur,
825 1308 959 1393 Cophen
975 1346 1012 1356 —
1030 1313 1124 1376 Arta-

120 1397 192 1461 bazi
210 1397 264 1462 hic
281 1397 367 1476 filius
387 1402 456 1463 erat
476 1434 515 1444 —
535 1398 624 1462 misit
643 1399 683 1462 ad
700 1398 870 1481 barbaros,
892 1399 947 1482 qui
965 1401 1124 1482 suaderet,

120 1489 156 1550 ut
188 1484 341 1550 dederent
370 1507 491 1569 rupem.
545 1486 712 1550 Arimazes
744 1487 815 1551 loco
852 1485 953 1552 fretus
985 1489 1123 1570 superbe

120 1573 224 1638 multa
252 1574 431 1658 respondit,
461 1574 504 1638 ad
533 1575 697 1660 ultimum,
729 1597 770 1639 an
801 1574 984 1639 Alexander
1015 1576 1123 1639 volare

119 1664 244 1746 posset,
265 1663 454 1747 interrogat.
500 1661 588 1738 Quae
610 1663 759 1728 nuntiata
781 1663 851 1748 regi
879 1663 925 1727 sio
953 1662 1156 1727 accenderes

121 1750 272 1833 animum,
295 1754 332 1815 ut
354 1749 518 1833 adhibitis,
540 1771 612 1815 cunr
636 1751 752 1835 quibus
776 1752 957 1816 consultare
980 1754 1050 1815 erat
1073 1773 1123 1816 so-

119 1837 217 1922 litus,
247 1837 407 1903 indicaret
437 1839 644 1903 insolentiam
675 1839 805 1903 barbari
836 1838 994 1903 eludentis
1025 1839 1123 1923 ipsos,

121 1927 196 2009 quia
223 1926 339 2009 pinnas
366 1948 431 1991 non
458 1926 628 1990 haberent:
660 1948 694 1991 se
722 1930 829 1990 autem
855 1926 1003 2011 proxima
1029 1931 1122 1991 nocte

120 2015 320 2097 effecturum,
337 2017 375 2078 ut
392 2015 536 2079 crederet
549 2013 739 2079 Macedones
759 2015 855 2079 etiam
873 2016 991 2080 volare.
1028 2013 1123 2098 ‘oco',
1142 2024 1153 2074 1

9 2127 10 2130 ’
119 2101 240 2188 inquit,
269 2101 519 2186 ‘pernicissimos
546 2102 676 2167 iuvenes
705 2125 743 2167 ex
770 2103 835 2167 suis
864 2103 997 2187 quisque
1021 2103 1122 2186 copiis

118 2189 285 2273 perducite
309 2190 350 2255 ad
367 2212 431 2269 me,
454 2191 510 2275 qui
532 2212 590 2274 per
612 2191 762 2256 calleset
783 2212 884 2274 paene
903 2192 1008 2256 invias
1026 2213 1122 2274 rupes

120 2277 207 2343 domi
235 2300 352 2361 peoora
379 2299 474 2363 agere
497 2277 748 2344 consueverant?
787 2278 842 2344 Illi
863 2283 1066 2363 praestantes
1090 2284 1157 2344 ets

9 2361 10 2454 f
119 2366 252 2432 levitate
276 2388 444 2449 corporum
468 2371 500 2431 et
523 2368 636 2433 ardore
659 2369 839 2432 animorum
867 2372 997 2432 strenue
1026 2368 1123 2432 addu-

9 2457 10 2536 {
120 2459 206 2520 cunt.
252 2453 338 2530 Quos
361 2455 491 2520 intuens
514 2477 585 2538 rex,
608 2455 817 2537 ‘Vobiscum',
839 2455 958 2538 inquit,
982 2454 1013 2519 ‘o
1036 2455 1123 2520 iuve-

9 2553 10 2634 ,
118 2564 175 2608 nes
200 2546 234 2607 et
256 2543 320 2606 mei
338 2543 502 2627 aequales,
524 2544 652 2608 urbium
674 2545 868 2608 invictarum
887 2552 961 2606 ante
984 2563 1035 2605 me
1054 2563 1121 2606 mu·

119 2633 264 2695 nimenta
287 2631 450 2715 superavi,
476 2632 636 2697 montium
658 2632 735 2716 iuga
756 2629 889 2713 perenni
910 2630 983 2694 nive
1007 2629 1123 2693 obruta

120 2740 269 2783 emensus
294 2741 379 2802 sum,
408 2720 575 2804 angustias
598 2719 731 2784 Ciliciae
757 2717 890 2800 intravi,
916 2715 1029 2781 Indiae
1053 2718 1122 2782 sine

118 2806 310 2872 lassitudine
333 2808 398 2870 vim
419 2807 552 2892 frigoris
576 2830 646 2872 sum
664 2827 842 2890 perpessus.
883 2804 927 2870 Et
945 2805 1009 2870 mei
1027 2806 1121 2871 docu·
1140 2819 1156 2866 9

118 2899 229 2960 menta
246 2895 338 2960 vobis
362 2895 435 2960 dedi
458 2902 495 2960 et.
513 2900 622 2960 vestra
640 2895 752 2959 haheo.
792 2893 901 2978 Petra,
914 2916 1021 2977 quam
1039 2894 1123 2958 vide·

117 2985 173 3066 tis,
194 3005 291 3047 unum
310 2983 431 3048 aditum
449 2983 557 3066 hahet,
575 3004 670 3068 quem
687 2982 818 3047 barbari
837 2982 998 3046 obsident:
1017 2985 1123 3046 cetera

117 3073 306 3156 neglegunt,
322 3072 431 3136 nullae
448 3072 580 3156 vigiliae
599 3074 687 3155 sunt,
704 3071 769 3135 nisi
787 3091 869 3154 quae
887 3074 994 3135 castra
1011 3074 1123 3135 nostra

119 3163 276 3243 spectant.
320 3158 495 3224 Invenietis
517 3159 617 3241 viam,
642 3159 670 3223 si
694 3159 841 3223 sollerter
863 3159 974 3222 rimati
995 3158 1121 3222 fueritis
1143 3171 1175 3218 10

119 3249 227 3312 aditus
253 3248 392 3312 ferentes
421 3247 462 3311 ad
489 3269 649 3316 cacumen.
697 3247 789 3312 Nihil
816 3250 885 3311 tam
914 3248 980 3311 alte
1007 3250 1123 3310 natura

119 3336 302 3418 constituit,
334 3357 396 3420 quo
423 3335 526 3400 virtus
553 3357 618 3399 non
644 3335 747 3418 possit
775 3335 862 3399 eniti.
910 3335 1123 3417 Experiendo,

120 3446 202 3508 quae
219 3424 318 3489 ceteri
336 3423 585 3508 desperaverint,
603 3422 717 3488 Asiam
735 3423 891 3488 habemus
905 3422 940 3486 in
954 3426 1123 3506 potestate.

119 3511 257 3578 Evadite
274 3511 309 3576 in
327 3533 490 3577 cacumen:
509 3510 594 3596 quod
613 3533 684 3576 oum
703 3511 862 3596 ceperitis,
880 3510 1023 3575 candidis
1042 3510 1121 3575 velis
1143 3522 1174 3570 11

122 3601 248 3685 signum
276 3599 357 3664 mihi
386 3599 518 3675 dabitis,
549 3619 610 3686 ego
638 3599 740 3683 copiis
769 3599 907 3664 admotis
933 3598 1061 3663 hostem
1089 3598 1123 3661 in
