2582 4098
266 193 519 250 HISTORIARUM
537 193 752 250 muranum
770 195 817 264 VI,
836 201 860 250 2.
880 201 905 251 3.
1029 197 1093 260 119

84 341 191 425 pylos,
214 339 342 405 condita
365 361 385 404 a
407 337 551 414 Graecis:
576 338 622 404 ibi
651 339 770 404 stativa
791 361 849 404 rex
871 339 987 405 habuit
1009 361 1095 406 com·

84 427 246 494 meatibus
259 428 400 512 undique
415 427 566 492 advectis.
601 425 714 511 Itaque
728 448 847 510 rumor,
866 429 963 493 otiosi
976 430 1094 495 militis

84 517 218 600 uitium,
250 516 319 581 sine
351 518 482 580 auctore
512 516 729 598 percrebruit,
763 537 874 602 regem
905 520 1094 582 contentum

83 605 195 682 rebus,
222 625 302 689 quas
325 603 492 688 gessisset,
518 603 553 666 in
574 602 797 668 Macedoniam
818 606 966 688 protinus
989 606 1094 670 redire

83 692 249 759 statuisse.
284 690 478 758 Discurrunt
496 691 674 774 lymphatis
693 692 814 757 similes
833 693 868 758 in
885 694 1096 759 tabernacula
1115 707 1147 756 re

83 786 118 846 et
140 780 252 848 itineri
274 780 416 845 sarcinas
438 782 565 863 aptant:
592 780 721 863 signum
743 781 855 846 datum
878 781 1036 865 crederes,
1057 785 1096 847 ut

82 891 163 934 vasa
177 868 368 952 colligerent
384 867 464 934 totis
483 867 608 934 castris.
643 867 815 934 Tumultus
833 869 910 935 hinc
927 871 1095 936 contuber-

82 958 175 1022 nales
195 979 271 1023 suos
289 956 528 1040 requirentium,
545 955 621 1021 hinc
639 958 842 1022 onerantium
859 959 1007 1042 plaustra
1023 980 1095 1043 per·

81 1046 191 1111 fertur
213 1045 254 1110 ad
276 1064 396 1129 regem.
439 1043 595 1109 Fecerant
617 1043 713 1109 fidem
739 1047 862 1110 rumori
885 1051 1006 1112 temere
1028 1048 1148 1114 vul-1⁷

82 1138 164 1219 gato
187 1131 304 1198 Graeci
324 1132 445 1197 milites
466 1133 569 1197 redire
592 1133 672 1196 iussi
695 1133 822 1216 domos,
845 1155 982 1217 quorum
1005 1136 1096 1220 equi-

81 1223 174 1287 tibus
199 1220 338 1306 singulis
366 1221 531 1285 denarium
558 1242 636 1285 sena
662 1221 766 1305 milia,
792 1223 946 1304 peditibus
971 1225 1096 1307 angula

81 1312 209 1376 dederat
229 1310 336 1374 milia:
362 1309 442 1393 ipsis
465 1330 590 1393 quoque
612 1309 709 1374 finem
732 1309 870 1375 militiae
894 1311 1006 1377 adesse
1029 1334 1095 1378 cre·

80 1399 214 1464 debant.
254 1395 351 1462 Haud
372 1419 466 1462 secus
485 1395 582 1481 quam
599 1419 658 1480 par
677 1401 747 1462 erat
763 1398 906 1483 territus,
924 1402 979 1483 qui
995 1399 1093 1466 Indos
1114 1421 1148 1468 ra

82 1494 184 1570 atque
206 1485 323 1550 ultima
345 1483 486 1550 Orientis
508 1505 682 1570 peragrare
709 1487 890 1566 statuisset,
916 1488 1096 1571 praefectos

82 1575 252 1659 copiamm
279 1574 314 1638 in
334 1574 534 1657 praetorium
557 1574 720 1639 contrahit
743 1576 930 1660 obortisque
952 1576 1096 1642 lacrimis

82 1685 125 1727 ex
148 1663 255 1726 medio
279 1662 400 1746 gloriae
423 1663 530 1744 spatio
554 1664 697 1726 revocari
721 1684 754 1727 se
776 1664 855 1729 victi
874 1664 979 1748 magis
999 1686 1096 1749 quam

83 1750 220 1816 victoris
237 1750 403 1814 fortunam
420 1751 455 1813 in
472 1750 614 1832 patriam
628 1751 805 1816 relaturum
825 1756 1018 1836 conquestus
1033 1757 1097 1818 est:

83 1860 146 1904 nec
164 1839 227 1904 sibi
245 1838 410 1922 ignaviam
429 1838 570 1902 militum
588 1838 728 1921 obstare,
747 1840 802 1904 sed
822 1840 917 1904 deum
932 1841 1097 1923 invidiam,
1116 1858 1151 1906 19

84 1929 142 2012 qui
168 1926 356 1992 fortissimis
384 1926 462 1991 viris
495 1925 637 1991 subitum
667 1927 791 2008 patriae
819 1927 1013 1993 desiderium
1041 1929 1097 1994 ad·

85 2015 277 2096 movissent,
303 2014 400 2096 paulo
430 2018 507 2098 post
533 2013 569 2078 in
590 2015 723 2078 eandem
752 2036 825 2080 cum
853 2016 975 2082 maiore
1001 2017 1097 2082 laude

83 2104 235 2188 famaque
261 2102 420 2166 redituris.
464 2101 547 2166 Tum
570 2123 644 2167 vero
665 2125 725 2186 pro
749 2125 783 2169 se
807 2105 942 2190 quisque
964 2121 1151 2190 operamne

85 2213 180 2258 suam
212 2191 340 2273 offerre,
371 2189 565 2255 difficillima
598 2212 740 2276 quaeque
770 2214 916 2277 poscere,
951 2195 1098 2278 polliceri

84 2280 228 2345 militum
251 2300 376 2363 quoque
399 2279 602 2362 obsequium,
630 2281 658 2344 si
685 2279 810 2346 animos
838 2303 949 2347 eorum
975 2283 1098 2348 leniet

84 2372 166 2452 apta
183 2367 330 2432 oratione
347 2366 546 2451 permulcere
564 2367 733 2433 voluisset:
751 2391 927 2454 numquam
941 2371 1098 2436 infractos
1115 2387 1147 2435 21

85 2462 120 2521 et
147 2456 291 2521 abiectos
314 2455 499 2537 recessisse,
527 2455 675 2539 quotiens
702 2457 805 2540 ipsius
833 2458 1037 2523 alacritatem
1065 2462 1099 2523 et

85 2545 174 2610 tanti
188 2543 288 2609 animi
301 2543 436 2627 spiritus
450 2543 578 2608 haurire
595 2545 787 2627 potuissent.
823 2544 875 2610 Ita
889 2566 923 2610 se
936 2545 1098 2610 facturum

86 2653 160 2699 esse
191 2632 370 2715 respondit:
406 2631 458 2695 illi
489 2630 584 2696 modo
618 2631 708 2716 vulgi
742 2654 834 2697 aures
866 2638 1098 2716 praepararent

86 2721 161 2786 sibi.
197 2718 346 2803 Satisque
365 2720 528 2803 omnibus,
551 2741 632 2803 quae
654 2721 689 2785 in
711 2741 779 2784 rem
803 2720 993 2786 ridebantur
1017 2742 1099 2806 esse,

85 2808 265 2894 conpositis
287 2808 396 2874 vocari
419 2808 459 2871 ad
482 2809 665 2872 contionem
687 2809 863 2874 exereitum
885 2808 989 2894 iussit,
1012 2811 1098 2896 apud

85 2919 185 2982 quem
206 2897 306 2962 talem
329 2895 507 2962 orationem
530 2895 657 2960 habuit:

514 3052 593 3120 One.
614 3053 673 3118 111.

57 3164 75 3228 7
178 3161 448 3246 ‘Magnitudinem
466 3181 588 3244 rerum,
608 3182 686 3244 quas
706 3159 879 3246 gessimus,
897 3161 1033 3245 milites,
1050 3162 1098 3226 in·
1116 3181 1132 3229 ι

87 3250 255 3316 tuentibus
269 3250 362 3315 vobis
377 3249 510 3314 minime
524 3249 642 3313 mirum
658 3251 707 3313 est
725 3253 759 3313 et
772 3249 964 3315 desiderium
979 3249 1097 3334 quietis

87 3343 122 3404 et
149 3338 335 3403 satietatem
358 3337 481 3422 gloriae
504 3357 678 3401 occurrere.
723 3336 770 3403 Ut
792 3338 941 3402 omittam
959 3337 1132 3424 Illyricas

87 3426 268 3510 Triballos,
298 3425 485 3507 Boeotiam,
517 3424 706 3507 Thraciam,
743 3424 909 3509 Spartam,
940 3425 1098 3510 Achaeos,

87 3515 361 3599 Peloponnesum,
389 3535 524 3598 quorum
552 3513 617 3577 alia
643 3512 741 3578 ductu
763 3535 849 3596 meo,
875 3515 939 3578 alia
961 3515 1133 3598 imperioe

88 3603 295 3688 auspicioque
308 3602 483 3686 perdomui,
502 3621 582 3684 ecoe,
602 3601 667 3666 orsi
683 3602 805 3666 bellum
819 3602 860 3666 ab
874 3601 1098 3688 Hellesponto,
