2602 4094
256 215 509 272 HISTORIARUM
527 215 743 272 ALEXANDRI
760 215 848 284 VIIII,
868 223 892 272 7.
910 222 935 272 8.
1030 215 1096 278 247

88 365 174 445 tum,
203 360 289 426 inter
321 381 400 443 quos
438 363 530 425 erant
561 357 689 444 Graeci,
719 359 882 443 Dioxippo
914 359 1096 426 studebant

88 448 223 514 Macedo
241 449 329 513 iusta
347 469 438 513 arma
451 453 643 534 sumpserat,
661 470 788 514 aereum
803 448 950 532 clipeum,
967 449 1095 514 hastam

89 558 188 622 quam
215 537 353 602 sarisam
380 541 497 602 vocant
522 537 615 602 laeva
639 541 766 619 tenens,
794 537 925 602 dextera
950 537 1097 602 lanceam

90 625 264 710 gladioque
292 627 427 710 cinctus,
458 625 548 690 velut
575 625 818 709 cumpluribus
846 625 941 690 simul
966 625 1097 690 dimica·

88 720 191 779 turus.
227 713 408 796 Dioxippus
432 713 504 778 oleo
526 713 633 778 nitens
654 719 688 778 et
705 716 876 779 coronatus
893 714 987 780 laeva
1004 713 1096 799 puni-
1114 727 1153 776 ao

89 823 182 867 ceum
205 801 392 886 amiculum,
415 802 527 867 dextra
548 801 691 867 validum
712 803 932 887 nodosumque
951 803 1096 886 stipitem

89 890 301 974 praeferebat
336 888 386 954 Ea
408 890 480 973 ipsa
497 912 549 954 res
567 891 711 955 omnium
729 890 854 956 animos
874 891 1097 975 expectatione

91 979 315 1064 suspenderat,
339 979 457 1062 quippe
476 981 600 1043 armato
619 978 772 1064 congredi
787 978 909 1043 nudum
927 979 1098 1064 dementia,

89 1089 156 1133 non
177 1067 343 1132 temeritas
366 1067 545 1134 videbatur.
588 1065 695 1152 igitur
711 1066 854 1152 Macedo,
875 1066 961 1132 haud
980 1068 1097 1132 dubius
1115 1081 1149 1130 21

90 1156 216 1221 eminus
234 1155 371 1220 interfici
383 1177 487 1240 posse,
505 1156 650 1220 lanceam
664 1155 785 1220 emisit:
804 1176 901 1240 quam
915 1155 1097 1240 Dioxippus

89 1265 164 1309 cum
191 1245 307 1330 exigua
333 1245 477 1328 corporis
504 1244 718 1309 declinatione
745 1243 894 1327 vitasset,
924 1247 1098 1328 autequam

89 1333 147 1398 ille
173 1333 303 1397 hastam
327 1332 519 1397 transferret
540 1333 575 1397 in
598 1332 752 1415 dextram,
775 1331 907 1396 adsiluit
929 1335 963 1395 et
984 1332 1098 1416 stipite

90 1420 231 1486 mediam
254 1442 325 1485 earn
342 1420 451 1504 fregit.
491 1421 621 1486 Amisso
639 1425 775 1506 utroque
793 1421 858 1485 telo
876 1417 1009 1485 Macedo
1028 1421 1096 1504 gla-
1114 1434 1149 1484 aa

91 1511 180 1574 dium
207 1513 356 1592 coeperat
383 1510 550 1594 stringere.
600 1509 701 1585 Quem
726 1511 916 1594 occupatum
939 1509 1096 1592 conplexu

89 1598 226 1682 pedibus
244 1601 375 1683 repente
388 1598 553 1663 subductis
569 1597 748 1683 Dioxippus
763 1598 915 1662 arietavit
927 1597 962 1660 in
975 1601 1097 1661 terram

90 1689 264 1788 ereptoque
292 1686 399 1787 gladio
425 1686 539 1770 pedem
566 1709 662 1788 super
688 1687 852 1789 cervicem·
866 1685 985 1750 iacenti
998 1687 1097 1788 ,inpo-

89 1777 334 1929 uitulus
350 1775 854 1948 ttll¹1⁸lttt¹²zlltttl
855 1777 1008 1927 “ittet
1025 1793 1098 1926 lt
1115 1875 1150 1924 23

90 1949 319 2017 Macedonibus
337 1951 443 2037 modo,
465 1951 638 2016 sedetiam
659 1950 844 2015 Alexandro
862 1950 934 2032 fuit,
956 1949 1097 2016 maxime

90 2041 169 2125 quia
187 2039 317 2105 barbari
335 2039 518 2105 adfuerant:
537 2040 655 2124 quippe
674 2040 870 2104 celebratum
886 2038 1097 2104 Macedonum

90 2128 314 2193 fortitudinem
342 2127 383 2191 ad
405 2127 581 2193 ludibrium
610 2128 763 2193 recidisse
786 2128 966 2192 verebatur.
1010 2126 1097 2192 Hinc
1115 2141 1151 2190 24

91 2217 133 2281 ad
150 2217 408 2282 criminationem
422 2217 602 2281 invidorum
617 2216 789 2303 adapertae
804 2219 879 2281 sunt
892 2217 980 2300 regis
993 2236 1098 2281 aures.

89 2305 136 2371 Et
162 2308 239 2388 post
260 2325 380 2388 paucos
403 2305 471 2370 dies
494 2305 579 2370 inter
601 2307 711 2389 epulas
735 2326 866 2370 aureum
886 2306 1035 2388 poculum
1058 2325 1097 2369 ex

90 2395 259 2478 conposito
273 2392 462 2458 subducitur
478 2393 690 2479 ministrique,
706 2395 799 2478 quasi
813 2393 998 2458 amisissent
1010 2390 1096 2475 quod

90 2484 291 2564 amoverant,
313 2501 424 2565 regem
447 2483 575 2547 adeunt.
624 2481 725 2567 Saepe
746 2483 852 2547 minus
876 2483 926 2544 est
948 2482 1096 2544 constan·
1114 2493 1153 2543 aa

90 2571 156 2635 tiae
183 2570 218 2635 in
239 2570 356 2635 rubore
380 2592 476 2654 quam
499 2571 534 2634 in
557 2572 659 2654 culpa.
705 2567 894 2634 Coniectum
922 2568 1098 2651 oculorum,

90 2659 209 2742 quibus
226 2662 264 2722 ut
281 2658 334 2722 fur
355 2657 584 2741 destinabatur,
605 2657 784 2741 Dioxippus
803 2656 887 2721 ferre
903 2676 971 2722 non
987 2655 1098 2739 potuit

90 2750 137 2832 et,
160 2769 234 2811 cum
257 2747 448 2812 excessisset
465 2747 626 2831 convivio,
648 2745 767 2810 litteris
786 2743 991 2827 conscriptis,
1014 2765 1097 2829 quae

89 2836 161 2921 regi
182 2834 403 2919 redderentur,
424 2835 511 2900 ferro
531 2858 564 2901 se
576 2833 755 2916 interemit.
791 2817 941 2898 Graviter
958 2836 1097 2897 mortem
1115 2847 1151 2896 26

90 2923 159 2989 eius
182 2923 261 2988 tulit
282 2945 351 3007 rex,
374 2923 559 2988 existimans
581 2921 813 3008 indignationis
837 2941 920 3006 csse,
941 2942 1007 2986 non
1024 2941 1098 3005 pae-

90 3011 248 3077 nitentiae
275 3015 407 3095 testem,
434 3012 545 3096 utique
571 3014 744 3094 postquam
770 3009 852 3074 falso
874 3009 1097 3074 insimulatum

91 3122 164 3166 eum
186 3101 324 3165 nimium
346 3099 529 3165 invidorum
553 3100 706 3185 gaudium
728 3097 879 3164 ostendit.

502 3257 580 3326 Ona.
603 3258 691 3324 VIII.

45 3358 83 3427 30
178 3365 332 3431 Indorum
355 3365 456 3450 legati
479 3364 602 3430 dimissi
624 3364 736 3430 domos
759 3365 868 3449 paucis
891 3367 965 3449 post
985 3364 1097 3430 diebus
1116 3376 1133 3425 1

92 3475 163 3519 cum
186 3453 279 3520 donis
301 3457 515 3520 revertuntur.
556 3469 620 3520 ccc
643 3455 735 3518 crant
758 3454 890 3538 equites,
912 3471 1011 3518 mxxx
1030 3475 1098 3518 cur·

90 3565 159 3627 ms,
187 3564 267 3628 quos
296 3543 478 3628 quadriiugi
502 3543 574 3628 equi
598 3541 766 3626 ducebant,
790 3541 893 3606 lineae
915 3542 1015 3606 restis
1039 3541 1097 3606 eli·

92 3635 256 3717 quantum,
278 3631 369 3696 mille
393 3636 484 3696 scuta
506 3629 616 3698 Indica
640 3634 672 3696 ct
694 3631 769 3696 ferri
792 3627 919 3695 candidi
935 3630 1058 3694 talenta
1077 3642 1132 3696 cs
