2602 4094
283 212 535 268 HISTORIARUM
552 212 767 268 ALEXANDRI
785 213 819 284 X,
836 220 862 268 4.
1011 213 1075 281 271

68 357 174 422 urbem
200 357 287 421 uellet
312 358 439 439 inprcdi.
490 356 672 440 Conpertum
699 363 728 422 et
752 358 811 423 sibi
837 379 875 423 en
902 358 1077 438 Oboldaeis,

69 446 124 527 qni
150 447 257 510 multis
283 446 349 509 iam
371 446 617 527 praedictionum
643 447 793 511 eventibus
819 448 897 512 artis
922 468 996 512 suae
1017 469 1077 513 cer·

70 535 231 598 titudinem
253 534 371 598 abunde
395 535 611 615 probavissent.
655 535 723 600 Rea
742 536 832 616 forna
854 556 958 600 eorum
979 536 1077 600 bomi-

69 643 147 686 num
173 624 380 703 constantique
402 623 625 688 adseueratione
646 629 745 688 motus
769 625 904 689 dimissis
922 626 956 688 in
973 625 1077 689 urbem

69 711 239 775 amicornm
266 711 421 792 plerisque
451 711 518 774 alia
545 712 598 774 m'o
623 717 747 793 praeter
773 712 964 794 Babylonem
994 715 1078 778 ducit

69 819 106 863 ac
128 799 266 864 ducentis
287 800 358 864 inde
374 800 485 864 stodiis
501 800 613 864 stativa
631 799 716 864 locat.
755 799 816 865 Sed
831 801 870 864 ab
888 801 1078 866 Anaxarcho

63 886 244 970 pbilosopbo
266 889 385 952 edoctus
407 889 581 969 contemmis
599 885 827 953 Chaldaeorum
851 892 985 968 monitis,
1007 911 1078 972 quo·

68 996 141 1039 rum
167 976 363 1056 disciplinam
390 977 515 1040 inanem
541 981 598 1040 aut
619 995 838 1058 superuacuam
860 979 1078 1057 arbitrabatur,

68 1064 174 1129 urbem
196 1065 302 1128 intrat.
337 1064 518 1146 Lepationes
540 1084 572 1129 eo
594 1085 631 1128 en
652 1066 792 1130 universo
808 1066 904 1145 ferme
921 1068 991 1132 orbe
1011 1088 1079 1132 con·

69 1153 235 1233 (innuant.
286 1151 401 1232 Quibus
427 1173 485 1234 por
515 1153 682 1235 complures
712 1155 777 1218 dies
802 1156 935 1219 studiose
962 1157 1079 1221 auditis

70 1242 208 1322 deinceps
225 1243 268 1305 ad
283 1241 518 1324 Hephaestionis
535 1243 676 1322 exequias
693 1243 804 1306 adiecit
815 1244 964 1307 arcionum.
993 1244 1078 1324 Qeiae

69 1350 189 1394 summo
208 1330 346 1394 omnium
362 1331 463 1394 studio
484 1330 530 1394 ito
553 1331 715 1394 celebratae
735 1335 822 1414 sunt,
844 1338 879 1394 ut
899 1333 1018 1397 nerllius
1036 1335 1079 1397 ud

70 1419 104 1482 id
125 1423 242 1500 tempus
268 1420 349 1499 repis
372 1418 488 1497 feralia
513 1420 724 1500 maqnitndine
748 1425 925 1501 sumptuum
942 1440 1076 1502 appara·

71 1511 176 1587 busque
198 1507 363 1570 mlebritate
384 1527 448 1571 non
466 1507 601 1572 uicerint.
636 1507 712 1572 Post
732 1507 805 1572 boec
826 1509 933 1590 cupido
956 1510 1079 1573 incessit

70 1596 134 1676 reqi
158 1615 217 1675 per
239 1594 439 1676 Pallacopam
460 1617 582 1660 amnem
606 1597 649 1660 od
669 1595 811 1660 Arabum
833 1598 968 1678 confinia
990 1599 1077 1661 nari·

67 1684 182 1764 pandi:
205 1703 263 1764 quo
281 1684 410 1767 delatus,
427 1685 498 1747 urbi
515 1685 685 1748 condendae
701 1686 858 1750 commodo
874 1687 942 1750 sede
958 1691 1077 1767 reperta

72 1771 259 1836 &cecorum
276 1776 374 1836 aetate
391 1777 447 1836 aul
459 1773 634 1836 milnnibirs
647 1773 800 1838 inualidos
813 1778 848 1856 et,
866 1775 894 1838 si
907 1775 962 1855 qui
974 1780 1077 1855 sponte

71 1864 292 1938 remanserant,
318 1861 362 1924 ibi
388 1861 530 1925 conlocat.
569 1860 684 1940 Quibus
706 1881 743 1925 erc
763 1864 912 1926 sententia
933 1863 1077 1944 perfectis

70 1949 135 2011 iam
151 1948 254 2028 futuri
269 1968 392 2013 secernis
415 1946 586 2014 Chaldaeos
604 1949 765 2029 inridebat,
787 1951 868 2031 quod
884 1950 1077 2033 Babylonem

70 2057 132 2100 non
158 2038 311 2118 impressus
338 2042 457 2101 tantum
484 2042 558 2102 esset
582 2037 756 2119 incolumis,
782 2059 885 2102 oerum
913 2041 1005 2103 etiam
1027 2061 1077 2104 eu·

71 2126 211 2190 cessisset.
249 2125 296 2189 Ac
311 2145 379 2189 oero
397 2126 554 2190 reuertenti
570 2146 629 2206 per
644 2126 788 2207 paludes,
807 2147 885 2208 quas
901 2128 1077 2210 Euphrates

73 2215 105 2276 in
127 2212 328 2295 Pallacopam
350 2212 465 2292 effirsus
485 2213 586 2296 eflicit,
607 2214 730 2294 foedum
752 2235 839 2279 omen
866 2215 999 2280 oblatum
1026 2223 1076 2282 est.

73 2301 188 2382 Quippe
213 2303 297 2365 rami
322 2303 448 2383 desuper
473 2302 666 2383 inpendentes
690 2305 857 2368 detractum
880 2306 974 2386 capiti
995 2307 1078 2388 repio

71 2391 213 2454 diadema
233 2391 426 2472 proiecerunt
452 2391 488 2454 in
512 2391 630 2470 fluctus.
667 2389 744 2456 Oum
771 2393 878 2456 deinde
899 2394 966 2456 alia
987 2414 1078 2474 super

71 2479 136 2542 olio
157 2479 332 2560 prodipiosa
353 2483 382 2544 et
402 2479 537 2543 minacia
557 2480 788 2562 nuntiarentur,
808 2482 1016 2560 procurandis
1032 2483 1076 2546 eis

73 2566 188 2631 Graeco
210 2567 304 2632 simul
327 2566 514 2648 barbaroque
535 2569 600 2632 ritu
622 2569 766 2632 continua
788 2569 980 2646 sacrosacta
996 2574 1077 2633 sind.

72 2655 176 2737 Neque
207 2660 308 2719 tamen
339 2657 460 2737 expiari
480 2661 697 2738 praeterquam
723 2660 817 2720 morte
841 2657 922 2737 repis
944 2661 1075 2738 potuere.

74 2743 133 2822 Qui
159 2764 228 2810 cum
250 2743 426 2808 Nearcbnm
452 2745 612 2826 excepisset
637 2745 771 2808 convivio
796 2744 918 2826 iamque
944 2746 1078 2810 arbitrem

73 2832 172 2897 iturus
198 2836 284 2915 esset,
310 2833 411 2897 Medii
437 2833 595 2896 Larissaei
622 2832 742 2897 obninis
758 2833 900 2914 precibus
926 2834 1020 2916 dedit,
1041 2839 1078 2898 ut

72 2922 113 2985 od
137 2941 206 2986 eum
232 2921 426 2986 comissatum
453 2921 573 2984 ueniret.
624 2919 686 2986 Ubi
711 2925 875 3002 postquam
904 2927 967 2987 tota
992 2927 1078 2988 nocte

67 3010 249 3090 perpotavit,
271 3010 351 3074 male
372 3008 478 3073 babere
500 3010 601 3089 coepit.
640 3007 857 3090 Inpraoeseens
874 3011 980 3075 deinde
995 3031 1076 3074 mor-

12 3139 13 3144 1
73 3097 126 3162 bus
146 3099 221 3162 adeo
244 3117 345 3162 ornnes
366 3099 445 3162 uires
466 3099 553 3162 intm
573 3102 691 3161 sentum
713 3097 792 3162 diem
816 3098 963 3181 calamit,
985 3103 1021 3162 ut
1038 3119 1079 3163 ne

72 3187 150 3250 vocis
176 3187 297 3268 quidem
318 3190 453 3267 potestas
477 3190 558 3250 esset.
595 3185 719 3249 Interea
740 3187 852 3252 milites
873 3188 1078 3252 sollieitudine

72 3274 274 3358 desiderioque
305 3276 369 3339 eius
400 3275 503 3357 annii,
533 3294 718 3355 quamquam
750 3275 962 3340 obtestantibus
992 3277 1077 3340 duci-

73 3361 139 3445 bus,
164 3384 204 3428 ιιι
224 3363 424 3428 valitudinem
446 3363 525 3445 repis
547 3367 718 3446 ornarent,
741 3367 962 3446 cupressorum,
984 3369 1021 3428 ut
1042 3365 1078 3428 in

71 3456 256 3536 conspectum
278 3453 343 3516 eius
364 3453 603 3518 admitterentur.
