2600 4096
188 200 251 266 198
558 196 589 262 Q.
608 193 821 251 0111111111

185 346 305 430 itaque,
320 343 436 410 necubi
453 342 641 425 vinceretur,
659 362 731 404 oum
750 339 864 404 ceteris
883 339 1071 422 praestaret,
1091 335 1188 402 scutis

187 437 355 521 argenteas
377 433 516 513 lamnas,
539 429 628 513 equis
651 429 758 493 frenos
781 447 895 491 aureos
914 425 1050 508 addidit,
1072 424 1190 490 loricas

188 544 313 608 quoque
332 520 414 586 alias
433 540 524 601 auro,
546 519 625 582 alias
644 520 779 602 argento
799 515 977 580 adornavit
1013 529 1083 579 cxx
1101 512 1191 576 milia

188 613 385 676 armatorum
399 611 500 691 erant,
514 627 595 690 quae
609 625 719 689 regem
733 604 773 669 ad
787 603 820 668 id
834 603 957 668 bellum
966 602 1191 685 sequebantur.

153 698 319 783 elamque
342 695 492 761 omnibus
515 693 728 778 praeparatis,
756 691 840 775 quod
863 691 942 755 olim
964 711 1065 773 prava
1086 693 1193 754 mente

188 789 393 870 conceperat,
418 787 494 849 tuno
521 804 590 847 esse
619 785 780 846 maturum
807 785 909 862 ratus,
936 799 1076 863 quonam
1099 777 1194 842 modo

189 875 344 942 caelestes
357 873 494 937 honores
508 873 687 954 usurparet,
705 869 812 951 coepit
824 869 958 952 agitare.
989 864 1076 931 Iovis
1091 865 1195 930 filium

189 985 254 1028 non
273 961 338 1026 diei
359 963 486 1025 tantum
505 981 553 1043 se,
571 959 627 1023 sed
645 957 743 1024 etiarn
763 955 848 1022 credi
866 954 1012 1038 volebat,
1028 957 1196 1039 tamquam

155 1046 321 1132 eperinde
353 1044 469 1110 animis
500 1043 657 1128 imperare
688 1045 800 1126 posset
826 1063 863 1106 aa
888 1039 1009 1125 linguis
1031 1039 1195 1124 jussitque

191 1156 280 1201 more
302 1132 473 1198 Persarum
494 1131 687 1198 Macedonas
710 1129 953 1194 venerabundos
976 1129 1085 1211 ipsum
1110 1130 1196 1194 salu-

190 1227 260 1288 tare
277 1224 516 1307 prosternentes
534 1219 624 1285 humi
642 1239 785 1302 corpora.
817 1217 848 1283 N
850 1240 892 1282 on
906 1217 1015 1282 deerat
1028 1217 1110 1282 talia
1125 1239 1197 1282 001-

191 1311 368 1396 cupiscenti
380 1309 562 1394 perniciosa
576 1308 728 1390 adulatio,
742 1310 931 1391 perpetuum
941 1306 1062 1370 malum
1071 1326 1198 1391 regum,

191 1415 325 1476 quorum
351 1414 428 1476 opes
451 1392 578 1475 saepius
606 1391 789 1457 adsentatio
817 1412 913 1474 quam
940 1390 1044 1457 hostis
1070 1394 1199 1458 evertit

157 1494 172 1543 1
190 1480 259 1547 Νο0
271 1480 482 1546 Macedonum
499 1480 579 1544 haec
598 1484 666 1544 erat
684 1481 778 1563 culpa
793 1515 834 1526 -
847 1499 943 1543 nemo
962 1479 1047 1544 enim
1065 1480 1200 1544 illorum

191 1570 361 1654 quicquam
379 1591 419 1634 ex
435 1569 542 1652 patrio
562 1589 650 1632 more
668 1569 777 1633 labare
797 1567 1004 1632 sustinuit-
1021 1566 1078 1632 sed
1098 1567 1199 1634 Grae·

191 1680 309 1740 corum,
328 1657 383 1741 qui
401 1656 633 1740 professionem
651 1655 859 1720 honestarum
874 1655 993 1720 artium
1011 1655 1107 1720 malis
1129 1679 1199 1722 eor·

157 1749 346 1830 eruperant
364 1745 515 1810 moribus.
551 1745 633 1829 Agis
655 1745 786 1828 quidam
804 1743 959 1828 Argivus,
981 1744 1201 1826 pessimorum

190 1835 367 1900 carminum
389 1836 464 1917 post
481 1831 665 1899 Choerilum
689 1832 851 1913 conditor,
876 1835 909 1895 et
927 1853 965 1896 ex
985 1830 1095 1897 Sicilia
1119 1831 1199 1898 Cleo

193 1959 231 1969 -
255 1922 309 1987 hic
332 1923 458 2006 quidem
480 1944 547 1987 non
568 1921 690 2006 ingenii
713 1921 831 2004 solum,
853 1919 909 1984 sed
932 1921 1030 1984 etiam
1051 1921 1200 1986 nationis

190 2010 269 2074 vitio
288 2011 435 2074 adulator
449 2046 491 2057 -
511 2015 544 2075 et
562 2018 668 2075 cetera
686 2009 814 2073 urbium
834 2029 964 2072 suarum
981 2013 1202 2092 purgamenta

189 2097 379 2182 propinquis
409 2098 507 2162 etiam
534 2098 809 2180 maximorumque
836 2096 1033 2161 exercituum
1060 2095 1201 2162 ducibus

191 2209 211 2250 a
236 2204 313 2268 rege
335 2184 609 2268 praeferebantur.
649 2185 692 2249 Hi
710 2190 780 2250 tum
798 2185 922 2250 caelum
940 2183 987 2247 illi
1007 2185 1202 2267 aperiebant

190 2271 424 2356 Herculemque
444 2279 476 2336 et
493 2273 621 2338 Patrem
634 2273 786 2338 Liberum
802 2275 836 2337 et
852 2293 924 2336 cum
937 2271 1069 2337 Polluce
1084 2271 1201 2339 Casto·

156 2375 173 2424 9
192 2383 259 2426 rem
276 2382 362 2427 novo
381 2361 504 2425 numini
523 2382 668 2426 cessuros
688 2383 756 2426 esse
773 2360 948 2425 iactabant.
983 2358 1089 2444 Igitur
1110 2361 1200 2427 festo
1212 2359 1244 2425 18

87 2479 90 2486 ·
191 2451 242 2515 die
266 2450 354 2516 omni
377 2449 543 2535 opulentia
560 2450 741 2515 convivium
760 2449 911 2514 exornari
932 2448 1037 2532 iubet,
1059 2449 1112 2514 cui
1131 2472 1202 2517 non

190 2539 380 2606 Macedones
403 2539 500 2604 modo
524 2541 556 2603 et
579 2536 707 2621 Graeci,
736 2537 897 2621 principes
922 2536 1111 2623 amicorum,
1142 2539 1201 2604 sed

191 2629 291 2693 etiam
309 2629 436 2694 barbari
456 2627 582 2693 nobiles
607 2626 841 2692 adhiberentur.
878 2623 960 2689 Cum
983 2625 1099 2708 quibus
1124 2647 1202 2693 oum

192 2717 404 2782 discubuisset
422 2738 491 2800 rex,
513 2714 676 2799 paulisper
694 2715 839 2799 epulatus
858 2713 1005 2779 convivio
1025 2713 1201 2798 egreditur.

192 2803 281 2886 Cleo,
304 2805 387 2869 sicut
409 2807 636 2889 praeparatum
658 2807 740 2885 erat,
763 2823 942 2866 sermonem
960 2821 1033 2866 cum
1056 2801 1201 2869 admira-

140 2892 279 2956 lotione
301 2891 431 2956 laudum
451 2894 518 2957 eius
541 2891 691 2956 instituit.
728 2889 845 2954 Merita
863 2888 976 2954 deinde
999 2893 1201 2973 percensuit:

193 2981 309 3066 quibus
332 3001 395 3044 uno
419 2981 515 3045 modo
537 2980 650 3045 referri
673 2978 811 3064 gratiam
835 2999 943 3061 posse,
967 2977 1008 3060 si,
1032 2999 1127 3062 quem
1152 2981 1201 3044 in-

192 3070 386 3154 tellegerent
407 3068 500 3132 deum
524 3091 607 3153 esse,
633 3069 875 3149 confiterentur,
905 3065 1021 3150 exigua
1042 3065 1126 3132 turis
1151 3067 1201 3132 in·

140 3171 172 3220 11
191 3179 293 3241 pensa
318 3159 412 3220 tanta
438 3157 592 3221 beneficia
617 3154 791 3240 pensaturi.
835 3154 951 3220 Persas
980 3153 1109 3238 quidem
1132 3177 1202 3220 non

192 3246 245 3329 pie
268 3244 387 3328 solum,
410 3244 466 3308 sed
489 3245 587 3309 etiam
611 3246 782 3328 prudenter
805 3264 895 3328 reges
919 3264 994 3306 suos
1016 3243 1101 3307 inter
1120 3243 1200 3310 deos

193 3333 309 3398 coleret
336 3333 539 3398 maiestatem
563 3334 648 3397 enim
670 3332 798 3418 imperii
821 3331 935 3395 salutis
959 3353 1028 3395 esse
1050 3332 1200 3398 tutelam.

75 3417 81 3425 ’
192 3421 242 3488 Ne
259 3421 432 3488 Herculem
450 3420 578 3506 quidem
597 3426 630 3486 et
647 3421 778 3486 Patrem
793 3419 946 3484 Liberum
964 3419 1053 3503 prius
1072 3419 1199 3484 dicatos

194 3511 283 3594 deos,
305 3533 401 3594 quam
423 3511 576 3575 vicissent
598 3530 705 3574 secum
727 3508 904 3574 viventium
927 3506 1097 3573 invidiam:
1126 3513 1199 3574 tan·

193 3599 325 3664 tundam
358 3620 482 3682 quoque
513 3601 660 3681 posteros
689 3597 828 3681 credere,
861 3600 1016 3680 quantum
1044 3617 1198 3678 praesens
