2582 4098
224 217 287 281 114
595 216 627 284 Q.
648 216 758 272 OURTI
774 217 860 271 RUFI

222 361 338 444 Qrvvppc
357 361 523 443 sapientem
544 360 697 425 insecutus
717 359 894 426 Alexander
915 360 951 423 in
973 359 1141 442 lonqinqna
1163 361 1236 425 loca

220 451 320 533 mapis
346 451 503 531 mapisqae
528 449 707 530 rapiebatur
727 453 757 513 et
777 468 814 513 ea
835 448 901 529 ipso
917 448 1035 528 proelio
1052 469 1232 512 varanna-

220 539 339 604 rionnn
360 539 467 620 iupcus
487 537 650 601 multitado
668 538 703 601 in
721 535 886 601 Graeciam
906 536 983 617 fupa
999 541 1234 618 penetraverat:

220 647 350 709 qaorum
368 630 431 690 octo
451 625 541 688 milia
558 623 685 690 Persica
700 626 835 706 pecunia
852 625 997 689 conducit
1013 625 1094 707 Apis
1111 645 1232 690 eornm·

220 736 277 797 qne
299 733 390 796 opera
410 713 573 794 plerasque
594 710 783 779 Gretuvsiam
803 712 893 776 iceles
913 714 1031 794 recepit.
1076 711 1156 778 oum
1182 715 1232 780 de·

220 804 323 884 inceps
335 801 454 866 Menon
470 801 507 865 in
521 800 688 866 llvracmnr
705 801 744 866 ab
757 801 936 866 Alexandro
953 802 1065 866 messus
1083 801 1233 867 barbaros

220 892 264 955 ad
280 889 471 970 defectionem
488 890 650 972 inpulisset
666 890 764 972 adque
785 909 853 954 eam
869 889 1119 970 conprimendam
1136 890 1233 954 Anti-

214 982 308 1062 pater
320 978 483 1042 exercitam
495 997 533 1042 en
541 977 727 1042 Macedonio
738 978 774 1042 iu
785 975 953 1041 Thraciam
965 978 1108 1061 deessset,
1123 998 1232 1060 oppor-
1282 1005 1284 1040 i

222 1065 514 1149 clarummane
539 1071 661 1130 seua
685 1065 737 1131 ue
761 1065 996 1130 cumanae
1023 1069 1118 1130 aaa
1144 1066 1232 1131 eea
1283 1043 1284 1120 l

215 1174 386 1236 pannosum
397 1155 510 1237 parevis
526 1153 651 1218 arlelas
667 1155 796 1234 caceptis
814 1155 849 1218 in
860 1158 967 1235 partes
981 1157 1146 1218 acaum
1160 1175 1231 1219 con-

219 1243 353 1324 fectoque
379 1243 511 1307 eameita
536 1241 648 1324 vipinti
672 1243 795 1306 millam
818 1236 957 1324 peditam
983 1262 1054 1306 acm
1079 1243 1233 1324 mulidus

221 1331 267 1396 lis
293 1331 377 1395 mille
397 1330 496 1412 Apicii
522 1349 676 1394 summam
699 1331 823 1412 imperii
844 1331 1023 1394 detaleumt.
1061 1330 1233 1414 Antipater

220 1439 256 1484 ea
282 1439 316 1482 rc
341 1424 482 1500 conperta
508 1417 618 1483 bellum
646 1419 679 1482 in
703 1417 851 1501 Iliracia,
876 1417 985 1500 qualus
1007 1422 1106 1500 polest
1127 1421 1230 1484 emidi-

219 1507 369 1590 cionvlms,
395 1507 538 1588 conponit
563 1507 735 1588 raptimque
756 1507 792 1572 in
819 1504 983 1571 Graeciam
1010 1526 1167 1589 repressas
1195 1508 1232 1572 ab

219 1596 330 1660 amum
359 1595 505 1676 sociosque
532 1594 704 1659 ammittas
729 1595 851 1659 ancilia
877 1596 961 1677 cepit.
988 1671 990 1676 ¹
1016 1593 1135 1674 Qavlm
1163 1616 1231 1661 ccu-

219 1683 405 1750 vmientilas
431 1683 475 1747 ad
496 1683 703 1764 quadruplata
723 1687 935 1766 piepnatarum
956 1683 1047 1747 milv'a
1068 1686 1229 1749 recensuit.

219 1773 396 1838 Advenerat
424 1776 454 1836 et
484 1791 519 1835 ev
548 1769 752 1852 Peloponneso
782 1771 888 1836 valida
916 1790 1045 1836 manas:
1075 1773 1130 1836 scd
1158 1775 1231 1854 qaia

219 1861 344 1926 dubiam
366 1861 504 1942 ipsorum
524 1859 616 1940 fidem
637 1860 808 1941 resciverat,
835 1859 1031 1924 dissimulata
1056 1861 1231 1941 mammone

217 1949 338 2030 pretias
352 1949 419 2031 cpit,
436 1947 518 2028 quod
532 1949 576 2012 ad
586 1947 804 2028 defendendam
817 1949 960 2012 adversas
972 1947 1231 2014 Laccduevveonivs

220 2036 396 2100 Aleaandri
422 2036 601 2117 dipnitatem
626 2036 813 2116 adfuissent:
843 2037 1030 2117 scripturam
1055 2056 1087 2101 se
1107 2037 1146 2100 id
1168 2039 1231 2120 repi
1282 2035 1283 2038 ’

216 2124 355 2205 pratiam
384 2124 420 2187 in
446 2129 577 2205 tempore
607 2124 750 2189 relaturo.
797 2124 842 2188 In
867 2143 1015 2205 praecem
1042 2123 1123 2188 nihil
1155 2145 1230 2208 opus

219 2230 281 2276 esse
304 2211 473 2276 mauribm
494 2211 605 2293 copiis:
626 2212 729 2293 itaque
750 2213 855 2276 domos
875 2212 1009 2276 redirent
1027 2212 1163 2292 foederis
1181 2235 1231 2278 ne

219 2298 355 2364 cessitate
379 2298 504 2381 evpleta.
544 2299 681 2364 Nuntios
704 2301 811 2365 deiude
831 2301 874 2365 ad
894 2300 1109 2364 Alenandram
1129 2302 1231 2366 mittit

220 2389 256 2454 de
284 2392 369 2451 ructa
392 2386 541 2452 Graeciae
566 2388 721 2452 certiorem
746 2389 891 2468 facturos.
934 2389 1036 2470 Atque
1056 2389 1107 2453 dli
1127 2409 1231 2472 repevn

219 2477 304 2558 apad
324 2475 446 2541 Bactra
467 2477 588 2541 demvcm
610 2478 757 2541 consecuti
782 2481 867 2559 sant,
895 2497 964 2541 cum
986 2477 1111 2542 interim
1131 2477 1229 2542 Anti·

212 2566 304 2646 patri
324 2565 451 2630 unua
467 2568 496 2630 et
511 2583 580 2629 nece
596 2565 709 2646 Apidis
725 2565 761 2628 in
777 2565 919 2630 Arcadia
936 2569 1125 2630 transactum
1141 2571 1229 2632 essct.

218 2653 302 2719 Sane
314 2653 380 2717 iam
389 2654 511 2735 pridem
525 2654 658 2718 tumultu
670 2653 979 2718 Lacedaemoniorum
992 2654 1117 2736 copuito,
1129 2673 1229 2734 qaan-

220 2745 286 2805 tum
317 2745 361 2805 tot
385 2747 538 2806 terarum
564 2742 673 2822 spatiis
704 2742 850 2806 disemtus
874 2746 1008 2824 poterat,
1036 2743 1230 2823 providerat:

219 2827 441 2910 Amphoterum
462 2849 531 2894 cum
554 2827 676 2912 cypria
698 2834 728 2893 et
743 2828 919 2894 Phoeniciu
939 2829 1070 2894 navvlves
1084 2831 1121 2894 in
1137 2829 1230 2896 Pelv-

213 2936 386 3000 ponnesum
398 2919 552 3002 navipare,
569 2918 712 2982 Meneten
729 2918 792 2981 tria
809 2918 899 2982 milia
917 2918 1065 2982 mantum
1082 2919 1126 2983 ad
1140 2938 1230 2983 mare

220 3005 336 3085 deferre
366 3006 509 3089 iusserat,
540 3010 577 3070 nt
604 3025 642 3071 ca
666 3007 840 3087 propinqum
869 3007 1031 3088 pecaniam
1057 3006 1230 3088 Antipatro
1280 3073 1281 3090 ,

218 3093 471 3176 subministraret,
493 3099 611 3176 quanta
631 3094 722 3158 illum
744 3095 879 3175 indipcre
899 3093 1088 3176 aequavisset.
1127 3093 1229 3159 Probe

219 3182 301 3246 enim
317 3188 525 3266 perspexerat,
547 3183 656 3264 quanti
676 3183 720 3246 ad
736 3184 841 3247 omnia
858 3184 1002 3246 momenti
1019 3187 1119 3248 uuas
1135 3183 1228 3248 istius

218 3270 379 3334 inclinatio
399 3270 510 3351 futura
531 3275 612 3352 esset,
634 3290 821 3351 quamquam
842 3271 980 3352 deinceps
1001 3275 1118 3353 accepto
1135 3272 1227 3336 moto·

217 3358 285 3422 riae
301 3360 411 3424 nantia
428 3359 495 3424 sais
511 3359 649 3440 meritas
666 3359 701 3423 id
717 3359 881 3424 discrimen
897 3379 1071 3440 conparans
1088 3360 1229 3424 mnrium

218 3465 286 3510 earn
314 3467 450 3527 paenam
483 3446 581 3527 fuisse
610 3447 771 3511 cavillatus
800 3450 852 3512 est.
901 3444 1038 3511 Ceterum
1063 3447 1226 3529 principia

218 3535 283 3599 eius
305 3534 374 3598 loelli
400 3534 487 3599 laud
510 3535 690 3616 inprospera
711 3535 961 3599 Lacedaemmviis
986 3536 1081 3617 fuere.
1128 3534 1227 3599 Ivata

218 3620 410 3705 Gmrliapam
431 3622 631 3687 Mmedoniae
656 3623 812 3687 castellium
839 3643 908 3688 acm
929 3622 1094 3707 Antipatri
1116 3623 1227 3688 militi·
