2552 4108
372 779 421 880 Q.
449 779 639 867 OURTI
664 779 815 868 RUFI

462 935 713 991 HISTORIARUM

161 1076 692 1178 ALEXANDRI
734 1082 1023 1183 MAGNI

424 1249 748 1318 1111111111

504 1424 613 1480 LIBER
629 1426 677 1482 IV.

525 1566 603 1634 Ore.
625 1569 651 1636 L

36 1747 57 1813 l
174 1759 307 1846 Dareus,
327 1762 413 1827 tanti
429 1762 524 1828 modo
539 1763 694 1828 exercitus
707 1785 771 1848 rex,
793 1764 848 1848 qni
860 1763 1089 1847 triumphantis
1108 1771 1121 1821 ¹

77 1850 192 1934 magis
219 1872 315 1934 quam
346 1851 526 1915 dimicantis
557 1873 645 1915 more
677 1873 771 1916 curru
802 1853 946 1918 sublimis
973 1853 1090 1917 inierat

78 1939 258 2022 proelium,
288 1960 346 2022 per
371 1939 456 2021 loca,
485 1960 566 2022 quae
594 1960 693 2022 prope
719 1941 884 2004 immensis
907 1941 1089 2026 agminibus

84 2027 279 2110 inpleverat,
307 2027 373 2092 iam
395 2025 504 2090 inania
526 2031 558 2092 11
579 2026 705 2110 ingenti
726 2028 896 2093 solitudine
918 2030 1089 2113 1111111-

79 2115 205 2199 giebat.
252 2112 350 2178 Pauci
379 2135 487 2199 regem
519 2116 745 2200 sequebantur:
782 2139 858 2182 nam
888 2138 948 2182 nec
978 2117 1124 2183 eodema

81 2224 199 2268 omnes
220 2201 331 2288 fugam
348 2201 554 2304 intenderant
571 2207 603 2267 et
620 2204 839 2270 deficientibus
858 2206 947 2290 equis
961 2228 1090 2271 cursum

81 2313 197 2444 {illm
201 2341 211 2376 '
224 2291 731 2465 1111111111111
740 2314 982 2464 alluebat
1002 2297 1123 2445 {lter

82 2465 281 2532 Graecorum
303 2470 453 2551 quattuor
475 2468 575 2532 milia:
597 2490 663 2533 non
686 2471 815 2553 segnius
836 2472 946 2532 tamen
968 2469 1009 2532 ad
1024 2469 1088 2532 Eu-

81 2555 224 2638 phraten
245 2555 418 2638 contendit,
439 2555 473 2619 id
495 2555 621 2620 demum
639 2557 768 2622 credens
787 2557 855 2621 fore
871 2556 981 2639 ipsius,
1005 2556 1089 2638 quod

82 2643 249 2708 celeritate
271 2643 451 2727 praecipere
472 2645 638 2727 potuisset.

176 2731 222 2796 At
243 2731 423 2797 Alexander
443 2730 701 2816 Parmenionem,
723 2753 780 2814 per
801 2753 896 2816 quem
919 2730 1003 2814 apud
1024 2729 1088 2795 Da·
1107 2747 1124 2795 4

83 2841 231 2884 mascam
261 2823 389 2903 recepta
419 2823 488 2884 erat
515 2820 645 2904 praeda,
676 2821 797 2884 iussum
830 2841 900 2882 eam
927 2821 1030 2902 ipsam
1057 2823 1090 2884 et

84 2908 234 2992 captivos
266 2907 412 2994 diligenti
442 2907 608 2973 adservare
639 2907 795 2990 custodia,
832 2905 956 2992 Syriae,
993 2929 1089 2990 quam

86 2995 207 3061 Coelen
228 2999 355 3079 vocant,
376 2995 537 3079 praefecit.
580 2993 710 3060 Novum
731 2995 900 3078 imperium
914 2994 987 3080 Syri
1009 3011 1124 3060 non-c

86 3084 164 3148 dum
186 3084 262 3148 belli
283 3084 425 3148 cladibus
447 3084 524 3148 satis
543 3083 655 3148 domiti
672 3084 938 3166 aspernabantur:
962 3082 1017 3148 sed
1040 3105 1089 3146 ce-

85 3173 196 3236 leriter
217 3172 342 3236 subacti
364 3171 567 3237 oboedienter
588 3173 744 3255 imperata
766 3172 918 3236 fecerunt
962 3171 1088 3236 Aradus

88 3281 213 3345 quoque
240 3261 345 3325 insula
372 3260 496 3324 deditur
517 3260 594 3344 regi.
637 3260 831 3324 Maritimam
852 3263 923 3323 tum
944 3281 1034 3324 oram
1057 3263 1123 3323 116

87 3349 239 3433 pleraque
265 3348 393 3433 longius
416 3349 511 3412 etiam
535 3370 553 3411 a
575 3349 655 3412 mari
677 3349 856 3413 recedentia
873 3369 928 3412 rex
951 3348 1018 3411 eius
1040 3348 1088 3410 in-

89 3438 176 3501 sulae
199 3435 306 3502 Strato
332 3436 527 3520 possidebat:
558 3458 620 3519 qno
646 3438 681 3500 in
707 3438 802 3500 fidem
830 3440 959 3519 accepto
984 3439 1089 3499 castra

58 3519 188 3591 2m0vit
214 3525 255 3590 ad
280 3525 392 3589 urbem
414 3524 595 3589 Marathon.
638 3524 689 3589 Ibi
715 3526 763 3588 illi
788 3525 914 3588 litterae
941 3545 961 3587 a
982 3522 1088 3587 Dareo
1108 3543 1120 3590 1
