2600 4096
289 241 540 298 HISTORIARUM
557 241 771 298 ALEXANDRI
789 242 850 312 Vn,
870 249 896 299 7.
1027 245 1091 310 173

91 387 157 452 'libi
182 390 291 450 autem
314 386 454 471 quietius
478 407 574 469 quam
591 407 655 468 par
672 389 723 451 est
739 386 907 451 denuntio:
928 387 992 472 ipsi
1009 390 1089 455 mihi
1107 410 1141 460 aa

93 480 156 540 lam
178 474 315 556 indices,
341 473 419 558 quid
441 475 522 538 extis
545 475 743 559 cognoveris,
765 497 806 540 ne
827 477 933 559 possis
955 476 1090 542 infitiari

90 563 221 647 dixisse,
237 583 320 646 quae
338 560 477 627 dixeris?
504 561 563 626 Ille
582 563 736 646 exanguis
755 563 957 648 attonitoque
975 565 1089 630 similis
1108 586 1141 636 aa

90 652 198 716 stabat
222 671 282 734 per
312 652 433 715 metum
461 650 558 714 etiam
589 672 667 715 voce
700 672 871 734 suppressa
899 653 1090 737 tandemque

89 741 199 804 eodem
221 742 310 803 metu
330 739 529 812 stimulante,
549 759 591 802 ne
608 739 695 822 regis
714 739 967 822 expectationem
986 761 1089 806 mora·

87 830 189 911 retur,
216 824 374 911 ‘Magni’,
399 827 519 910 inquit,
546 823 693 909 ‘laboris
720 847 787 891 non
808 827 899 892 inriti
921 828 1091 894 discrimen

87 917 208 980 instare
236 913 392 998 praedixi:
419 936 478 979 nec
504 935 555 978 me
583 936 634 978 ars
656 936 729 978 mea
754 935 851 998 quam
873 916 1091 982 benivolentia

87 1003 265 1087 perturbat.
297 1001 522 1067 Infirmitatem
534 1001 721 1067 valitudinis
738 1005 813 1066 tuae
827 1002 919 1069 video
934 1008 975 1088 et,
993 1027 1091 1089 quan·
1108 1027 1141 1075 27

87 1097 156 1156 tum
175 1091 210 1155 in
227 1112 292 1155 uno
310 1093 343 1155 te
362 1091 417 1173 sit,
441 1091 515 1155 scio.
549 1088 684 1173 Vereor,
702 1111 743 1155 na
761 1092 924 1173 praesenti
940 1092 1091 1159 fortunae

59 1221 61 1225 ψ
88 1181 191 1261 [tuae]
215 1178 360 1244 sufficere
381 1199 447 1243 non
469 1176 592 1261 possis?
630 1178 699 1243 Rex
721 1179 817 1243 iussit
840 1199 912 1243 eum
935 1182 1091 1246 confidere
1109 1202 1143 1251 aa

87 1267 237 1333 felicitati
255 1289 344 1332 suae:
367 1267 408 1330 ad
427 1267 491 1331 aha
507 1267 592 1345 aliis,
615 1266 677 1331 sibi
698 1266 738 1331 ad
760 1265 897 1350 gloriam
919 1270 1091 1335 concedere

88 1356 175 1422 deos.
223 1353 429 1422 consultanti
460 1354 534 1419 inde
566 1375 637 1419 cum
668 1355 798 1438 iisdem,
828 1375 969 1439 quonam
995 1358 1090 1421 modo
1109 1379 1143 1427 aa

87 1445 207 1509 flumen
237 1443 424 1526 transirent,
456 1443 641 1527 supervenit
676 1441 879 1526 Aristander,
914 1463 980 1507 non
1010 1443 1090 1509 alias

87 1533 224 1598 laetiora
255 1536 329 1596 exta
358 1530 476 1596 vidisse
508 1552 542 1596 ae
573 1531 759 1615 adfirmans,
789 1530 900 1615 utique
931 1530 1091 1617 prioribus

87 1621 185 1705 longe
216 1619 355 1685 diversa:
390 1623 460 1683 tum
496 1619 718 1684 sollicitudinis
751 1640 863 1685 causas
895 1618 1092 1704 adparuisse,

88 1730 174 1774 nunc
195 1730 327 1792 prorsus
350 1707 478 1792 egregie
500 1707 632 1772 litatum
655 1728 733 1772 esse.

37 1796 79 1860 32
177 1795 341 1879 Ceterum,
368 1816 448 1879 quae
476 1795 612 1860 subinde
632 1795 784 1859 nuntiata
806 1797 882 1860 sunt
906 1795 991 1880 regi,
1018 1816 1091 1860 con·
1110 1817 1144 1866 30

87 1886 200 1950 tinuae
221 1883 371 1949 felicitati
393 1905 499 1948 rerum
518 1884 584 1947 eius
602 1882 812 1967 inposuerant
832 1883 948 1947 labem.
984 1881 1090 1949 Mene
1110 1906 1143 1954 31

1 1985 2 1998 ¹
88 1973 231 2054 demum,
253 1975 292 2037 ut
314 1994 412 2055 supra
433 1970 555 2036 dictum
577 1975 640 2053 est,
664 1971 797 2036 miserat
818 1971 858 2036 ad
881 1971 1092 2037 obsidendum

89 2059 305 2145 Spitamenen,
322 2059 510 2124 Bactrianae
525 2057 712 2124 defectionis
731 2062 903 2124 auctorem.
939 2058 1001 2135 Qui
1016 2080 1092 2126 oon-

87 2154 181 2234 perto
212 2147 317 2213 hostis
348 2148 503 2230 adventu,
537 2167 578 2210 ne
614 2148 715 2212 muris
745 2147 834 2212 urbis
869 2147 1093 2234 includeretur,

89 2237 186 2302 simul
209 2237 311 2301 fretus
334 2236 440 2318 excipi
461 2256 570 2320 posse,
593 2257 657 2319 qua
673 2239 845 2300 venturum
863 2236 999 2321 sciebat,
1020 2259 1093 2303 con·

88 2325 172 2391 sedit
200 2325 352 2390 occultus.
396 2322 549 2389 Silvestre
575 2323 638 2388 iter
660 2327 771 2407 aptum
798 2324 924 2389 insidiis
947 2325 1092 2409 tegendis
1110 2345 1144 2393 aa

88 2419 173 2479 erat:
197 2413 245 2478 ibi
262 2411 374 2476 Dahas
391 2411 544 2477 condidit.
578 2411 663 2496 Equi
686 2413 779 2477 binos
797 2415 938 2477 armatos
957 2412 1091 2477 vehunt:

88 2523 227 2586 quorum
258 2500 396 2566 invicem
428 2499 547 2583 singuli
578 2502 709 2583 repente
740 2500 905 2582 desiliunt,
937 2501 1092 2582 equestris

87 2609 217 2675 pugnae
239 2588 383 2653 ordinem
405 2588 549 2651 turbant.
587 2587 754 2672 Equorum
776 2586 941 2652 velocitati
963 2590 1144 2669 pesestas

87 2678 256 2743 hominum
275 2676 458 2760 pernicitas.
494 2674 563 2740 Hos
578 2672 781 2758 Spitamenes
796 2675 914 2739 saltum
927 2673 1093 2739 circumire

87 2768 195 2831 iussos
221 2765 344 2848 pariter
369 2768 403 2828 et
430 2786 449 2828 a
475 2763 632 2828 lateribus
660 2768 693 2828 et
720 2785 739 2827 a
765 2763 872 2827 fronte
899 2765 932 2826 et
959 2766 1092 2848 atergo

88 2853 177 2920 hosti
192 2852 342 2919 ostendit.
369 2850 575 2916 Menedemus
590 2849 729 2935 undique
742 2850 893 2933 inclusus,
905 2871 946 2914 ne
959 2871 1092 2916 numero
1112 2872 1145 2920 34

89 2942 219 3026 quidem
241 2963 312 3025 par,
340 2939 394 3005 diu
421 2945 531 3005 tamen
553 2938 690 3021 resistit,
712 2938 880 3002 clamitans
902 2937 984 3002 nihil
1008 2939 1093 3019 aliud

89 3051 256 3114 superesse
273 3030 416 3093 locorum
433 3027 545 3092 fraude
559 3026 710 3110 deceptis,
728 3047 824 3110 quam
843 3026 996 3091 honestae
1010 3048 1094 3092 mor-

89 3119 134 3183 tis
149 3116 305 3182 solacium
320 3137 358 3180 ex
371 3116 513 3181 hostium
528 3114 633 3179 caede.
664 3111 775 3197 Ipsum
789 3116 978 3198 praevalens
993 3135 1092 3198 equus
1111 3135 1145 3184 35

89 3205 242 3290 vehebat,
273 3225 336 3289 quo
370 3203 497 3288 saepius
528 3203 563 3267 in
594 3223 711 3267 cuneos
742 3203 953 3269 barbarorum
985 3203 1093 3266 effusis

89 3293 227 3358 habenis
251 3296 379 3357 evectus
403 3311 521 3375 magna
544 3294 651 3374 strage
675 3312 729 3355 eos
756 3291 891 3356 fuderat.
936 3289 998 3356 Sed
1022 3312 1094 3355 cum
1113 3311 1145 3360 36

91 3404 190 3446 unum
228 3401 339 3445 omnes
374 3382 534 3464 peterent,
570 3379 681 3443 multis
717 3379 901 3444 vulneribus
938 3379 1094 3462 exanguis

91 3466 273 3554 Hypsidem
309 3468 466 3553 quendam
503 3488 541 3530 ex
572 3467 684 3531 amicis
715 3466 863 3532 hortatus
896 3469 958 3550 est,
993 3472 1030 3530 ut
1061 3467 1095 3530 in

91 3579 209 3642 equum
241 3577 333 3621 suum
365 3555 551 3621 ascenderet
579 3558 612 3618 et
643 3576 677 3619 se
704 3554 782 3640 fuga
810 3555 956 3637 eriperet.
1004 3552 1094 3618 Haec

91 3649 240 3732 agentem
266 3643 374 3708 anima
396 3642 512 3709 defecit
541 3663 717 3727 corpusque
740 3665 779 3707 ex
803 3664 883 3726 equo
907 3641 1039 3706 defluxit
1060 3642 1095 3704 in
