2582 4098
212 206 277 270 118
587 205 618 272 O.
638 205 747 261 OURTI
764 205 851 261 uurl

211 350 356 415 centibus
381 372 454 415 eam
480 350 657 415 verecunde
683 350 903 415 reluctantem.
949 349 1119 415 Excellens
1148 355 1216 416 erat

209 438 315 503 forma
333 441 366 502 et
383 438 522 503 formam
535 438 638 521 pudor
651 438 856 504 honestabat.
892 437 1034 503 Deiectis
1049 439 1083 503 in
1096 442 1215 504 tetram

209 527 310 592 oeulis
343 530 389 610 et,
421 530 576 610 quantum
608 526 739 604 licebat,
775 548 830 592 ore
861 527 969 593 velato
1002 527 1215 611 suspicionem

210 614 360 698 praebuit
372 615 451 699 regi,
464 614 663 679 nobiliorum
677 635 755 693 esse,
774 636 870 699 quam
884 618 922 679 ut
933 615 1019 680 inter
1032 615 1215 680 convivales

176 707 191 758 ⁷
211 704 302 768 ludos
317 703 448 767 deberet
462 703 596 766 ostendi.
622 701 713 787 Ergo
727 703 936 789 interrogata,
949 724 1110 787 quaenam
1124 707 1216 787 esset,

209 791 332 875 neptim
360 811 395 855 se
418 788 512 876 Ochi,
542 790 597 875 qui
623 813 725 874 nuper
746 796 916 875 regnasset
937 791 973 855 in
997 789 1123 874 Persis,
1149 791 1215 857 filio

144 931 149 939 .
209 879 278 943 eius
302 878 446 963 genitam
469 899 539 944 esse
561 879 735 964 respondit,
757 900 890 944 uxorem
907 877 1085 964 Hystaspis
1108 879 1216 944 fuisse.

210 965 414 1051 Propinquus
436 965 491 1032 hic
512 967 612 1032 Darei
632 967 754 1051 fuerat,
776 967 887 1052 magni
910 968 1034 1051 etipse
1057 969 1216 1034 exercitus

174 1069 191 1117 8
209 1059 349 1138 praetor.
385 1054 499 1121 Adhuc
511 1056 547 1120 in
561 1056 669 1120 animo
685 1056 773 1139 regis
789 1060 901 1120 tenues
915 1055 1073 1140 reliquiae
1086 1056 1217 1139 pristini

209 1143 309 1208 moris
326 1142 513 1210 haerebant
548 1143 663 1228 Itaque
680 1143 843 1208 fortunam
861 1144 953 1228 regia
970 1144 1073 1227 stirpe
1087 1145 1216 1228 genitae

209 1235 244 1296 et
273 1235 343 1296 tam
369 1233 494 1297 celebre
521 1254 641 1297 nomen
668 1233 811 1315 [neptem
836 1230 934 1313 Ochi]
964 1232 1128 1297 reveritus
1154 1255 1217 1298 non

157 1366 160 1374 »
209 1319 330 1384 dimitti
348 1320 444 1386 modo
463 1320 634 1406 captivam,
657 1320 714 1384 sed
733 1320 831 1385 etiam
849 1320 977 1385 restitui
996 1320 1025 1384 ai
1043 1341 1122 1385 suas
1142 1342 1217 1405 opes

208 1407 312 1492 iussit,
333 1409 440 1474 virum
459 1431 585 1493 quoque
602 1408 731 1492 requiri,
754 1413 790 1473 ut
807 1412 934 1492 reperto
954 1407 1128 1492 coniugem
1150 1409 1218 1474 red·

173 1498 306 1562 ⁹deret.
345 1495 481 1563 Postero
505 1500 613 1561 auteur
641 1497 691 1561 die
718 1496 882 1580 praecepit
904 1493 1157 1580 Hephaestioni,
1183 1502 1218 1562 ut

209 1607 319 1651 omnes
342 1585 488 1668 captivos
509 1585 545 1648 in
566 1585 691 1669 regiam
712 1584 838 1649 iuberet
865 1585 988 1649 adduci
1032 1583 1085 1648 Ibi
1109 1586 1218 1670 singu-

207 1677 313 1739 lorum
344 1673 517 1738 nobilitate
549 1675 695 1756 spectata
724 1674 861 1738 secrevit
888 1695 908 1736 a
935 1672 1046 1757 vulgo,
1079 1695 1218 1756 quorum

208 1763 369 1827 eminebat
387 1782 497 1846 genus.
536 1759 627 1825 Mille
644 1761 681 1825 hi
697 1760 840 1826 fuerunt:
863 1761 949 1826 inter
968 1781 1048 1844 quos
1066 1766 1217 1844 repertus

207 1855 259 1916 est
281 1849 454 1934 Oxathres,
480 1849 580 1914 Darei
606 1849 720 1932 frater,
747 1871 814 1914 non
835 1849 922 1914 illius
944 1848 1091 1931 fortuna,
1117 1871 1218 1933 quam

158 1945 189 1994 10
207 1939 314 2003 indole
333 1939 432 2003 animi
450 1940 500 2002 sui
518 1937 644 2004 clarior.
677 1955 764 2004 xxw
781 1938 872 2002 milia
888 1937 1048 2002 talentum
1066 1938 1217 2021 proxima

117 2103 120 2108 Ι
206 2026 325 2110 praeda
351 2026 481 2090 redacta
503 2029 607 2091 erant:
639 2047 656 2090 e
684 2025 756 2110 quis
778 2025 945 2090 duodecim
968 2024 1061 2090 milia
1083 2025 1118 2089 in
1142 2047 1217 2090 con·

207 2114 347 2199 giarium
374 2114 516 2178 militum
540 2114 710 2197 absumpta
733 2118 818 2178 sunt.
866 2112 929 2177 Par
956 2112 1032 2178 huic
1058 2115 1218 2196 pecuniae

159 2209 186 2258 11
207 2223 333 2266 summa
356 2202 523 2266 custodum
544 2201 657 2265 fraude
677 2202 847 2267 'subtracta
864 2205 922 2266 est.
963 2198 1124 2285 Oxydates
1145 2208 1218 2268 erat

205 2289 327 2354 nobilis
339 2288 467 2373 Perses,
486 2289 541 2373 qui
555 2311 574 2352 a
587 2289 694 2354 Dareo
709 2291 842 2372 capitali
856 2289 1014 2373 supplicio
1033 2289 1217 2356 destinatus

206 2377 419 2443 cohibebatur
432 2376 467 2442 in
480 2376 632 2443 vinculis:
650 2377 726 2442 huic
739 2379 875 2443 liberato
891 2378 1074 2460 satrapeam
1087 2377 1217 2444 Mediae

206 2466 370 2532 attribuit:
396 2465 594 2551 fratremque
616 2465 714 2530 Darei
736 2466 858 2550 recepit
883 2466 919 2530 in
940 2466 1106 2531 eohortem
1133 2468 1218 2532 ami·

206 2577 314 2622 corum
338 2555 427 2621 omni
449 2558 595 2621 vetustae
618 2553 777 2619 claritatis
798 2554 922 2619 honore
945 2558 1083 2619 servato.

153 2652 186 2701 12
291 2643 378 2709 Hinc
394 2644 429 2709 in
445 2643 642 2709 Parthienen
659 2646 849 2727 perventum
863 2645 925 2725 est,
942 2645 1019 2706 tunc
1032 2642 1243 2727 ignobilemd

205 2735 348 2816 gentem,
374 2753 460 2797 nunc
483 2734 580 2816 caput
607 2730 764 2814 omnium,
793 2731 848 2814 qui
869 2733 945 2814 post
966 2729 1158 2814 Euphraten
1184 2736 1217 2796 et
1284 2783 1285 2790 ,

154 2829 185 2879 13
205 2821 331 2904 Tigrim
356 2842 466 2885 amnes
490 2820 545 2885 siti
572 2819 670 2885 rubro
693 2818 776 2884 mari
801 2817 1024 2884 terminantur.
1073 2815 1216 2902 Scythae

204 2908 370 2992 regionem
388 2911 598 2992 campestrem
618 2929 655 2972 ac
672 2907 815 2972 fertilem
833 2910 1080 2990 occupaverunt,
1097 2927 1216 2990 graves

205 2997 309 3062 adhuc
328 2995 465 3061 accolae.
506 2995 603 3062 Sedes
626 2996 747 3060 habent
764 2999 798 3060 et
815 2995 850 3059 in
866 2994 1000 3078 Europa
1017 2999 1051 3059 et
1068 2995 1103 3060 in
1117 2994 1216 3060 Asia:

204 3084 259 3169 qui
279 3105 375 3168 super
392 3082 574 3167 Bosporum
592 3084 710 3167 colunt,
728 3083 950 3148 adscribuntur
964 3082 1076 3148 Asiae:
1096 3084 1216 3167 atqui

203 3172 238 3237 in
269 3171 402 3255 Europa
434 3176 522 3256 sunt,
554 3195 573 3236 a
603 3173 696 3237 laevo
723 3171 880 3237 Thraciae
910 3171 1014 3236 latere
1046 3171 1086 3235 ad
1112 3171 1215 3256 Bory-

204 3259 352 3325 sthenem
378 3264 474 3344 atque
502 3260 575 3324 inde
599 3261 639 3324 ad
661 3259 796 3325 Tanaim
821 3259 935 3341 [alium
958 3261 1101 3341 amnem]
1123 3265 1216 3324 recta

154 3368 185 3416 14
202 3348 302 3433 plaga
334 3348 483 3413 attinent.
534 3347 654 3412 Tanais
686 3348 852 3432 Europam
884 3351 918 3411 et
944 3348 1058 3413 Asiam
1089 3347 1214 3413 medius

204 3437 369 3501 interfluit.
413 3435 482 3502 Nec
505 3437 684 3520 dubitatur,
713 3436 791 3522 quin
818 3435 969 3520 Scythae,
996 3437 1051 3520 qui
1073 3435 1213 3502 Parthos

204 3524 386 3610 condidere,
417 3546 482 3590 non
510 3547 529 3589 a
555 3525 717 3608 Bosporo,
749 3525 804 3589 sed
832 3546 870 3589 ex
897 3523 1049 3607 Europae
1080 3526 1214 3608 regione

153 3632 185 3682 15
202 3613 452 3698 penetraverint
483 3612 570 3677 Urbs
590 3615 661 3676 erat
676 3634 715 3677 ea
732 3615 925 3696 tampestate
939 3612 1027 3678 clara
1040 3611 1213 3678 Hecatom·
