<?xml version="1.0" encoding="UTF-8"?>
<!DOCTYPE html PUBLIC "-//W3C//DTD XHTML 1.0 Transitional//EN"
    "http://www.w3.org/TR/xhtml1/DTD/xhtml1-transitional.dtd">
<html xmlns="http://www.w3.org/1999/xhtml" xml:lang="en" lang="en">
 <head>
  <title>
</title>
<meta http-equiv="Content-Type" content="text/html;charset=utf-8" />
  <meta name='ocr-system' content='tesseract 3.04.00' />
  <meta name='ocr-capabilities' content='ocr_page ocr_carea ocr_par ocr_line ocrx_word'/>
</head>
<body>
  <div class='ocr_page' id='page_1' title='image "./qcurtirufihisto04rufugoog_0119.png"; bbox 0 0 2582 4098; ppageno 0'>
   <div class='ocr_carea' id='block_1_1' title="bbox 265 208 1077 279">
    <p class='ocr_par' dir='ltr' id='par_1_1' title="bbox 265 208 1077 279">
     <span class='ocr_line' id='line_1_1' title="bbox 265 208 1077 279; baseline 0 -15"><span class='ocrx_word' id='word_1_1' title='bbox 265 208 517 265; x_wconf 81' lang='lat' dir='ltr'><strong>HISTORIARUM</strong></span> <span class='ocrx_word' id='word_1_2' title='bbox 534 208 748 263; x_wconf 78' lang='lat' dir='ltr'><strong>ALEXANDRI</strong></span> <span class='ocrx_word' id='word_1_3' title='bbox 765 209 799 279; x_wconf 81' lang='lat' dir='ltr'><strong>V,</strong></span> <span class='ocrx_word' id='word_1_4' title='bbox 818 215 843 264; x_wconf 77' lang='grc' dir='ltr'><strong>ι.</strong></span> <span class='ocrx_word' id='word_1_5' title='bbox 862 217 887 264; x_wconf 80' lang='grc'><strong>3.</strong></span> <span class='ocrx_word' id='word_1_6' title='bbox 1034 209 1077 274; x_wconf 73' lang='grc' dir='ltr'><strong>8Ἰ</strong></span> 
     </span>
    </p>
   </div>
   <div class='ocr_carea' id='block_1_2' title="bbox 13 353 1131 2986">
    <p class='ocr_par' dir='ltr' id='par_1_2' title="bbox 13 353 1131 2986">
     <span class='ocr_line' id='line_1_2' title="bbox 65 353 1078 440; baseline 0.001 -21"><span class='ocrx_word' id='word_1_7' title='bbox 65 376 204 440; x_wconf 90' lang='lat' dir='ltr'><strong>quoque</strong></span> <span class='ocrx_word' id='word_1_8' title='bbox 225 353 344 438; x_wconf 86' lang='lat' dir='ltr'><strong>accipe,</strong></span> <span class='ocrx_word' id='word_1_9' title='bbox 370 375 528 434; x_wconf 88' lang='lat' dir='ltr'><strong>mensam,</strong></span> <span class='ocrx_word' id='word_1_10' title='bbox 551 373 589 417; x_wconf 86' lang='lat' dir='ltr'><strong>ex</strong></span> <span class='ocrx_word' id='word_1_11' title='bbox 612 375 675 438; x_wconf 89' lang='lat' dir='ltr'><strong>qua</strong></span> <span class='ocrx_word' id='word_1_12' title='bbox 696 353 810 419; x_wconf 83' lang='lat' dir='ltr'><strong>libavit</strong></span> <span class='ocrx_word' id='word_1_13' title='bbox 832 354 934 420; x_wconf 88' lang='lat' dir='ltr'><strong>hostis</strong></span> <span class='ocrx_word' id='word_1_14' title='bbox 958 355 1078 440; x_wconf 79' lang='lat' dir='ltr'>epulas,</span> 
     </span>
     <span class='ocr_line' id='line_1_3' title="bbox 15 441 605 526; baseline -0.003 -18"><span class='ocrx_word' id='word_1_15' title='bbox 15 451 17 455; x_wconf 82' lang='grc'>’</span> <span class='ocrx_word' id='word_1_16' title='bbox 64 444 139 508; x_wconf 86' lang='lat' dir='ltr'><strong>tuis</strong></span> <span class='ocrx_word' id='word_1_17' title='bbox 163 442 296 526; x_wconf 89' lang='lat' dir='ltr'><strong>pedibus</strong></span> <span class='ocrx_word' id='word_1_18' title='bbox 319 463 389 506; x_wconf 90' lang='lat' dir='ltr'><strong>esse</strong></span> <span class='ocrx_word' id='word_1_19' title='bbox 413 441 605 506; x_wconf 86' lang='lat' dir='ltr'><strong>subiectam&#39;</strong></span> 
     </span>
     <span class='ocr_line' id='line_1_4' title="bbox 29 527 1130 601; baseline 0.003 -5"><span class='ocrx_word' id='word_1_20' title='bbox 29 531 50 596; x_wconf 90' lang='lat'><strong>9</strong></span> <span class='ocrx_word' id='word_1_21' title='bbox 164 530 233 595; x_wconf 82' lang='lat' dir='ltr'><strong>Rex</strong></span> <span class='ocrx_word' id='word_1_22' title='bbox 250 529 390 594; x_wconf 81' lang='lat' dir='ltr'>Persidis</span> <span class='ocrx_word' id='word_1_23' title='bbox 411 529 510 593; x_wconf 86' lang='lat' dir='ltr'><strong>finem</strong></span> <span class='ocrx_word' id='word_1_24' title='bbox 532 528 675 594; x_wconf 80' lang='lat' dir='ltr'><strong>aditurus</strong></span> <span class='ocrx_word' id='word_1_25' title='bbox 694 527 776 594; x_wconf 88' lang='lat' dir='ltr'><strong>Susa</strong></span> <span class='ocrx_word' id='word_1_26' title='bbox 792 530 903 594; x_wconf 91' lang='lat' dir='ltr'><strong>urbem</strong></span> <span class='ocrx_word' id='word_1_27' title='bbox 919 528 1077 597; x_wconf 78' lang='lat' dir='ltr'><strong>Archelao</strong></span> <span class='ocrx_word' id='word_1_28' title='bbox 1097 552 1130 601; x_wconf 82' lang='grc' dir='ltr'><strong>ιι</strong></span> 
     </span>
     <span class='ocr_line' id='line_1_5' title="bbox 65 617 1079 702; baseline 0 -19"><span class='ocrx_word' id='word_1_29' title='bbox 65 622 102 683; x_wconf 83' lang='grc' dir='ltr'><strong>ιι</strong></span> <span class='ocrx_word' id='word_1_30' title='bbox 120 618 319 702; x_wconf 74' lang='lat' dir='ltr'><strong>praesidium</strong></span> <span class='ocrx_word' id='word_1_31' title='bbox 337 635 376 682; x_wconf 92' lang='lat'><strong>111</strong></span> <span class='ocrx_word' id='word_1_32' title='bbox 389 618 514 681; x_wconf 91' lang='lat' dir='ltr'><strong>milium</strong></span> <span class='ocrx_word' id='word_1_33' title='bbox 532 617 679 682; x_wconf 91' lang='lat' dir='ltr'><strong>tradidit:</strong></span> <span class='ocrx_word' id='word_1_34' title='bbox 701 617 883 702; x_wconf 84' lang='lat' dir='ltr'>Xenophilo</span> <span class='ocrx_word' id='word_1_35' title='bbox 902 619 985 684; x_wconf 89' lang='lat' dir='ltr'><strong>arcis</strong></span> <span class='ocrx_word' id='word_1_36' title='bbox 1003 639 1079 683; x_wconf 92' lang='lat' dir='ltr'><strong>cura</strong></span> 
     </span>
     <span class='ocr_line' id='line_1_6' title="bbox 15 704 1078 792; baseline 0 -21"><span class='ocrx_word' id='word_1_37' title='bbox 15 777 16 780; x_wconf 8' lang='grc' dir='ltr'><strong>Ἴ</strong></span> <span class='ocrx_word' id='word_1_38' title='bbox 66 707 228 771; x_wconf 89' lang='lat' dir='ltr'><strong>mandata</strong></span> <span class='ocrx_word' id='word_1_39' title='bbox 250 710 300 771; x_wconf 90' lang='lat' dir='ltr'><strong>est</strong></span> <span class='ocrx_word' id='word_1_40' title='bbox 325 706 411 770; x_wconf 90' lang='lat' dir='ltr'><strong>mille</strong></span> <span class='ocrx_word' id='word_1_41' title='bbox 439 704 651 772; x_wconf 73' lang='lat' dir='ltr'><strong>Macedonum</strong></span> <span class='ocrx_word' id='word_1_42' title='bbox 677 710 782 771; x_wconf 86' lang='lat' dir='ltr'><strong>aetate</strong></span> <span class='ocrx_word' id='word_1_43' title='bbox 810 707 961 792; x_wconf 82' lang='lat' dir='ltr'><strong>gravibus</strong></span> <span class='ocrx_word' id='word_1_44' title='bbox 988 728 1078 790; x_wconf 81' lang='lat' dir='ltr'><strong>prae</strong></span> 
     </span>
     <span class='ocr_line' id='line_1_7' title="bbox 15 793 1129 864; baseline 0.005 -6"><span class='ocrx_word' id='word_1_45' title='bbox 15 805 25 812; x_wconf 78' lang='grc'><strong><em>’</em></strong></span> <span class='ocrx_word' id='word_1_46' title='bbox 67 795 179 859; x_wconf 85' lang='lat' dir='ltr'><strong>sidera</strong></span> <span class='ocrx_word' id='word_1_47' title='bbox 213 795 293 859; x_wconf 87' lang='lat' dir='ltr'><strong>arcis</strong></span> <span class='ocrx_word' id='word_1_48' title='bbox 325 793 487 859; x_wconf 72' lang='lat' dir='ltr'><strong>custodiae</strong></span> <span class='ocrx_word' id='word_1_49' title='bbox 518 794 629 858; x_wconf 84' lang='lat' dir='ltr'><strong>iussis:</strong></span> <span class='ocrx_word' id='word_1_50' title='bbox 664 794 889 859; x_wconf 73' lang='lat' dir='ltr'><strong>thesaurorum</strong></span> <span class='ocrx_word' id='word_1_51' title='bbox 916 793 1078 860; x_wconf 73' lang='lat' dir='ltr'><strong>Callicrati</strong></span> <span class='ocrx_word' id='word_1_52' title='bbox 1097 816 1129 864; x_wconf 83' lang='grc' dir='ltr'><strong>ιι</strong></span> 
     </span>
     <span class='ocr_line' id='line_1_8' title="bbox 19 881 1079 967; baseline 0 -21"><span class='ocrx_word' id='word_1_53' title='bbox 19 953 23 958; x_wconf 57' lang='grc'><strong>,</strong></span> <span class='ocrx_word' id='word_1_54' title='bbox 66 882 179 947; x_wconf 87' lang='lat' dir='ltr'><strong>tutela</strong></span> <span class='ocrx_word' id='word_1_55' title='bbox 205 882 376 966; x_wconf 88' lang='lat' dir='ltr'><strong>permissa·</strong></span> <span class='ocrx_word' id='word_1_56' title='bbox 408 884 555 966; x_wconf 75' lang='lat' dir='ltr'><strong>satrapea</strong></span> <span class='ocrx_word' id='word_1_57' title='bbox 581 881 721 967; x_wconf 81' lang='lat' dir='ltr'><strong>regionis</strong></span> <span class='ocrx_word' id='word_1_58' title='bbox 750 881 903 947; x_wconf 83' lang='lat' dir='ltr'><strong>Susianae</strong></span> <span class='ocrx_word' id='word_1_59' title='bbox 929 883 1079 948; x_wconf 85' lang='lat' dir='ltr'><strong>restituta</strong></span> 
     </span>
     <span class='ocr_line' id='line_1_9' title="bbox 15 969 1079 1054; baseline 0.001 -20"><span class='ocrx_word' id='word_1_60' title='bbox 15 983 23 1048; x_wconf 77' lang='grc' dir='ltr'><strong><em>ζ</em></strong></span> <span class='ocrx_word' id='word_1_61' title='bbox 67 971 238 1035; x_wconf 86' lang='lat' dir='ltr'><strong>Abulitae.</strong></span> <span class='ocrx_word' id='word_1_62' title='bbox 282 969 419 1035; x_wconf 90' lang='lat' dir='ltr'><strong>Matrem</strong></span> <span class='ocrx_word' id='word_1_63' title='bbox 446 991 571 1053; x_wconf 92' lang='lat' dir='ltr'><strong>quoque</strong></span> <span class='ocrx_word' id='word_1_64' title='bbox 598 973 631 1033; x_wconf 90' lang='lat' dir='ltr'><strong>et</strong></span> <span class='ocrx_word' id='word_1_65' title='bbox 657 970 774 1035; x_wconf 91' lang='lat' dir='ltr'><strong>liberos</strong></span> <span class='ocrx_word' id='word_1_66' title='bbox 800 972 880 1054; x_wconf 76' lang='lat' dir='ltr'><strong>regie</strong></span> <span class='ocrx_word' id='word_1_67' title='bbox 906 970 942 1034; x_wconf 92' lang='lat' dir='ltr'><strong>in</strong></span> <span class='ocrx_word' id='word_1_68' title='bbox 968 971 1079 1035; x_wconf 90' lang='lat' dir='ltr'><strong>eadem</strong></span> 
     </span>
     <span class='ocr_line' id='line_1_10' title="bbox 15 1057 1130 1142; baseline 0.006 -20"><span class='ocrx_word' id='word_1_69' title='bbox 15 1073 23 1136; x_wconf 74' lang='grc' dir='ltr'>ζ</span> <span class='ocrx_word' id='word_1_70' title='bbox 67 1059 154 1123; x_wconf 91' lang='lat' dir='ltr'><strong>urbe</strong></span> <span class='ocrx_word' id='word_1_71' title='bbox 183 1057 243 1142; x_wconf 90' lang='lat' dir='ltr'><strong>dep</strong></span> <span class='ocrx_word' id='word_1_72' title='bbox 245 1059 322 1123; x_wconf 91' lang='lat' dir='ltr'><strong>onit.</strong></span> <span class='ocrx_word' id='word_1_73' title='bbox 299 1057 423 1123; x_wconf 85' lang='lat' dir='ltr'><strong>tAe</strong></span> <span class='ocrx_word' id='word_1_74' title='bbox 449 1057 532 1122; x_wconf 89' lang='lat' dir='ltr'><strong>forte</strong></span> <span class='ocrx_word' id='word_1_75' title='bbox 554 1057 776 1123; x_wconf 90' lang='lat' dir='ltr'><strong>Macedonicas</strong></span> <span class='ocrx_word' id='word_1_76' title='bbox 802 1062 907 1124; x_wconf 81' lang='lat' dir='ltr'><strong>vestes</strong></span> <span class='ocrx_word' id='word_1_77' title='bbox 929 1060 1078 1123; x_wconf 90' lang='lat' dir='ltr'><strong>multam-</strong></span> <span class='ocrx_word' id='word_1_78' title='bbox 1098 1079 1130 1128; x_wconf 82' lang='lat'><strong>18</strong></span> 
     </span>
     <span class='ocr_line' id='line_1_11' title="bbox 14 1144 1079 1248; baseline 0.001 -38"><span class='ocrx_word' id='word_1_79' title='bbox 14 1161 23 1168; x_wconf 86' lang='grc'><strong>··</strong></span> <span class='ocrx_word' id='word_1_80' title='bbox 68 1168 136 1231; x_wconf 90' lang='lat' dir='ltr'><strong>qne</strong></span> <span class='ocrx_word' id='word_1_81' title='bbox 165 1167 340 1230; x_wconf 85' lang='lat' dir='ltr'><strong>purpuram</strong></span> <span class='ocrx_word' id='word_1_82' title='bbox 367 1145 451 1211; x_wconf 92' lang='lat' dir='ltr'><strong>dono</strong></span> <span class='ocrx_word' id='word_1_83' title='bbox 479 1167 517 1210; x_wconf 87' lang='lat' dir='ltr'><strong>ex</strong></span> <span class='ocrx_word' id='word_1_84' title='bbox 543 1144 731 1211; x_wconf 92' lang='lat' dir='ltr'><strong>Macedonia</strong></span> <span class='ocrx_word' id='word_1_85' title='bbox 762 1145 826 1211; x_wconf 87' lang='lat' dir='ltr'><strong>sibi</strong></span> <span class='ocrx_word' id='word_1_86' title='bbox 851 1147 983 1211; x_wconf 90' lang='lat' dir='ltr'><strong>missam</strong></span> <span class='ocrx_word' id='word_1_87' title='bbox 1006 1168 1079 1248; x_wconf 84' lang='lat' dir='ltr'><strong>cum</strong></span> 
     </span>
     <span class='ocr_line' id='line_1_12' title="bbox 14 1231 969 1319; baseline 0 -21"><span class='ocrx_word' id='word_1_88' title='bbox 14 1249 16 1256; x_wconf 77' lang='grc'>’</span> <span class='ocrx_word' id='word_1_89' title='bbox 67 1234 137 1317; x_wconf 91' lang='lat' dir='ltr'><strong>his,</strong></span> <span class='ocrx_word' id='word_1_90' title='bbox 166 1255 247 1318; x_wconf 88' lang='lat' dir='ltr'><strong>quae</strong></span> <span class='ocrx_word' id='word_1_91' title='bbox 270 1233 487 1317; x_wconf 87' lang='lat' dir='ltr'><strong>confecerant,</strong></span> <span class='ocrx_word' id='word_1_92' title='bbox 512 1234 598 1299; x_wconf 87' lang='lat' dir='ltr'><strong>tradi</strong></span> <span class='ocrx_word' id='word_1_93' title='bbox 620 1231 794 1319; x_wconf 80' lang='lat' dir='ltr'><strong>Sisigambi</strong></span> <span class='ocrx_word' id='word_1_94' title='bbox 814 1234 904 1298; x_wconf 90' lang='lat' dir='ltr'><strong>iubet</strong></span> <span class='ocrx_word' id='word_1_95' title='bbox 925 1269 969 1281; x_wconf 90' lang='lat'><strong>—-</strong></span> 
     </span>
     <span class='ocr_line' id='line_1_13' title="bbox 15 1256 1079 1407; baseline 0 -21"><span class='ocrx_word' id='word_1_96' title='bbox 15 1327 18 1364; x_wconf 78' lang='grc' dir='ltr'><strong>ἵ</strong></span> <span class='ocrx_word' id='word_1_97' title='bbox 69 1343 215 1407; x_wconf 90' lang='lat' dir='ltr'><strong>namque</strong></span> <span class='ocrx_word' id='word_1_98' title='bbox 236 1322 358 1386; x_wconf 89' lang='lat' dir='ltr'><strong>honore</strong></span> <span class='ocrx_word' id='word_1_99' title='bbox 385 1343 457 1385; x_wconf 88' lang='lat' dir='ltr'><strong>eam</strong></span> <span class='ocrx_word' id='word_1_100' title='bbox 483 1323 516 1386; x_wconf 90' lang='lat' dir='ltr'><strong>et</strong></span> <span class='ocrx_word' id='word_1_101' title='bbox 540 1322 599 1386; x_wconf 90' lang='lat' dir='ltr'><strong>filii</strong></span> <span class='ocrx_word' id='word_1_102' title='bbox 621 1343 746 1407; x_wconf 92' lang='lat' dir='ltr'><strong>quoque</strong></span> <span class='ocrx_word' id='word_1_103' title='bbox 768 1322 888 1406; x_wconf 85' lang='lat' dir='ltr'><strong>pietate</strong></span> <span class='ocrx_word' id='word_1_104' title='bbox 909 1256 1079 1406; x_wconf 53' lang='lat' dir='ltr'><strong>prosequmldl-</strong></span> 
     </span>
     <span class='ocr_line' id='line_1_14' title="bbox 15 1409 1130 1494; baseline 0.004 -20"><span class='ocrx_word' id='word_1_105' title='bbox 15 1487 16 1490; x_wconf 8' lang='grc' dir='ltr'><strong>Ἴ</strong></span> <span class='ocrx_word' id='word_1_106' title='bbox 70 1409 173 1474; x_wconf 89' lang='lat' dir='ltr'><strong>batur</strong></span> <span class='ocrx_word' id='word_1_107' title='bbox 185 1409 466 1494; x_wconf 89' lang='lat' dir='ltr'><strong>-admonerique</strong></span> <span class='ocrx_word' id='word_1_108' title='bbox 487 1410 589 1494; x_wconf 89' lang='lat' dir='ltr'><strong>iussit,</strong></span> <span class='ocrx_word' id='word_1_109' title='bbox 611 1413 656 1494; x_wconf 90' lang='lat' dir='ltr'><strong>ut,</strong></span> <span class='ocrx_word' id='word_1_110' title='bbox 678 1411 707 1474; x_wconf 91' lang='lat' dir='ltr'><strong>si</strong></span> <span class='ocrx_word' id='word_1_111' title='bbox 733 1410 821 1475; x_wconf 87' lang='lat' dir='ltr'><strong>cordi</strong></span> <span class='ocrx_word' id='word_1_112' title='bbox 839 1430 964 1494; x_wconf 90' lang='lat' dir='ltr'><strong>quoque</strong></span> <span class='ocrx_word' id='word_1_113' title='bbox 980 1410 1078 1474; x_wconf 80' lang='lat' dir='ltr'><strong>vestis</strong></span> <span class='ocrx_word' id='word_1_114' title='bbox 1098 1431 1130 1478; x_wconf 82' lang='grc' dir='ltr'><strong>ιι</strong></span> 
     </span>
     <span class='ocr_line' id='line_1_15' title="bbox 14 1497 1078 1581; baseline 0.001 -20"><span class='ocrx_word' id='word_1_115' title='bbox 14 1515 22 1523; x_wconf 89' lang='grc'>·</span> <span class='ocrx_word' id='word_1_116' title='bbox 71 1501 174 1581; x_wconf 87' lang='lat' dir='ltr'><strong>esset,</strong></span> <span class='ocrx_word' id='word_1_117' title='bbox 205 1498 358 1563; x_wconf 87' lang='lat' dir='ltr'><strong>conficere</strong></span> <span class='ocrx_word' id='word_1_118' title='bbox 385 1518 456 1561; x_wconf 91' lang='lat' dir='ltr'><strong>eam</strong></span> <span class='ocrx_word' id='word_1_119' title='bbox 481 1499 594 1581; x_wconf 87' lang='lat' dir='ltr'><strong>neptes</strong></span> <span class='ocrx_word' id='word_1_120' title='bbox 626 1519 700 1562; x_wconf 91' lang='lat' dir='ltr'><strong>suas</strong></span> <span class='ocrx_word' id='word_1_121' title='bbox 727 1497 957 1563; x_wconf 83' lang='lat' dir='ltr'><strong>adsuefaceret:</strong></span> <span class='ocrx_word' id='word_1_122' title='bbox 993 1497 1078 1562; x_wconf 91' lang='lat' dir='ltr'><strong>dono</strong></span> 
     </span>
     <span class='ocr_line' id='line_1_16' title="bbox 72 1584 1078 1670; baseline 0.001 -22"><span class='ocrx_word' id='word_1_123' title='bbox 72 1605 122 1669; x_wconf 88' lang='lat' dir='ltr'><strong>se,</strong></span> <span class='ocrx_word' id='word_1_124' title='bbox 157 1607 238 1670; x_wconf 91' lang='lat' dir='ltr'><strong>quae</strong></span> <span class='ocrx_word' id='word_1_125' title='bbox 270 1584 433 1669; x_wconf 86' lang='lat' dir='ltr'><strong>docerent,</strong></span> <span class='ocrx_word' id='word_1_126' title='bbox 461 1586 546 1650; x_wconf 89' lang='lat' dir='ltr'><strong>dare.</strong></span> <span class='ocrx_word' id='word_1_127' title='bbox 593 1585 646 1650; x_wconf 85' lang='lat' dir='ltr'><strong>Ad</strong></span> <span class='ocrx_word' id='word_1_128' title='bbox 675 1586 759 1651; x_wconf 88' lang='lat' dir='ltr'><strong>hanc</strong></span> <span class='ocrx_word' id='word_1_129' title='bbox 790 1607 899 1652; x_wconf 82' lang='lat' dir='ltr'><strong>vocem</strong></span> <span class='ocrx_word' id='word_1_130' title='bbox 928 1585 1078 1649; x_wconf 87' lang='lat' dir='ltr'><strong>lacrimae</strong></span> 
     </span>
     <span class='ocr_line' id='line_1_17' title="bbox 72 1672 1078 1757; baseline 0 -21"><span class='ocrx_word' id='word_1_131' title='bbox 72 1674 210 1739; x_wconf 90' lang='lat' dir='ltr'><strong>obortae</strong></span> <span class='ocrx_word' id='word_1_132' title='bbox 249 1672 416 1757; x_wconf 90' lang='lat' dir='ltr'><strong>prodidere</strong></span> <span class='ocrx_word' id='word_1_133' title='bbox 458 1673 598 1738; x_wconf 90' lang='lat' dir='ltr'><strong>animum</strong></span> <span class='ocrx_word' id='word_1_134' title='bbox 639 1675 839 1756; x_wconf 81' lang='lat' dir='ltr'><strong>aspamantis</strong></span> <span class='ocrx_word' id='word_1_135' title='bbox 878 1673 911 1738; x_wconf 93' lang='lat' dir='ltr'><strong>id</strong></span> <span class='ocrx_word' id='word_1_136' title='bbox 946 1693 1078 1736; x_wconf 86' lang='lat' dir='ltr'><strong>munus:</strong></span> 
     </span>
     <span class='ocr_line' id='line_1_18' title="bbox 14 1759 1078 1845; baseline -0.001 -21"><span class='ocrx_word' id='word_1_137' title='bbox 14 1777 22 1844; x_wconf 72' lang='lat' dir='ltr'>j</span> <span class='ocrx_word' id='word_1_138' title='bbox 72 1762 192 1845; x_wconf 90' lang='lat' dir='ltr'><strong>quippe</strong></span> <span class='ocrx_word' id='word_1_139' title='bbox 217 1783 284 1825; x_wconf 92' lang='lat' dir='ltr'><strong>non</strong></span> <span class='ocrx_word' id='word_1_140' title='bbox 306 1759 393 1824; x_wconf 88' lang='lat' dir='ltr'><strong>aliud</strong></span> <span class='ocrx_word' id='word_1_141' title='bbox 415 1761 518 1845; x_wconf 90' lang='lat' dir='ltr'><strong>magis</strong></span> <span class='ocrx_word' id='word_1_142' title='bbox 540 1762 575 1824; x_wconf 93' lang='lat' dir='ltr'><strong>in</strong></span> <span class='ocrx_word' id='word_1_143' title='bbox 597 1763 823 1826; x_wconf 88' lang='lat' dir='ltr'><strong>contumeliam</strong></span> <span class='ocrx_word' id='word_1_144' title='bbox 844 1760 1012 1825; x_wconf 87' lang='lat' dir='ltr'><strong>Persarum</strong></span> <span class='ocrx_word' id='word_1_145' title='bbox 1033 1760 1078 1823; x_wconf 87' lang='lat' dir='ltr'><strong>fe-</strong></span> 
     </span>
     <span class='ocr_line' id='line_1_19' title="bbox 16 1846 1130 1933; baseline 0.005 -21"><span class='ocrx_word' id='word_1_146' title='bbox 16 1867 19 1874; x_wconf 90' lang='lat'>·</span> <span class='ocrx_word' id='word_1_147' title='bbox 73 1850 183 1912; x_wconf 90' lang='lat' dir='ltr'><strong>minae</strong></span> <span class='ocrx_word' id='word_1_148' title='bbox 206 1849 378 1932; x_wconf 89' lang='lat' dir='ltr'><strong>accipiunt,</strong></span> <span class='ocrx_word' id='word_1_149' title='bbox 402 1870 498 1933; x_wconf 90' lang='lat' dir='ltr'><strong>quam</strong></span> <span class='ocrx_word' id='word_1_150' title='bbox 520 1848 688 1913; x_wconf 81' lang='lat' dir='ltr'><strong>admovere</strong></span> <span class='ocrx_word' id='word_1_151' title='bbox 709 1849 802 1913; x_wconf 90' lang='lat' dir='ltr'><strong>lanae</strong></span> <span class='ocrx_word' id='word_1_152' title='bbox 824 1870 948 1913; x_wconf 88' lang='lat' dir='ltr'><strong>manus.</strong></span> <span class='ocrx_word' id='word_1_153' title='bbox 987 1846 1078 1911; x_wconf 90' lang='lat' dir='ltr'><strong>Nun·</strong></span> <span class='ocrx_word' id='word_1_154' title='bbox 1097 1869 1130 1917; x_wconf 86' lang='grc' dir='ltr'><strong>ιο</strong></span> 
     </span>
     <span class='ocr_line' id='line_1_20' title="bbox 15 1934 1079 2020; baseline 0.001 -22"><span class='ocrx_word' id='word_1_155' title='bbox 15 1957 17 1962; x_wconf 58' lang='grc'><strong>“</strong></span> <span class='ocrx_word' id='word_1_156' title='bbox 73 1938 173 2020; x_wconf 88' lang='lat' dir='ltr'><strong>tiant,</strong></span> <span class='ocrx_word' id='word_1_157' title='bbox 209 1937 263 2020; x_wconf 91' lang='lat' dir='ltr'><strong>qui</strong></span> <span class='ocrx_word' id='word_1_158' title='bbox 295 1936 380 2001; x_wconf 91' lang='lat' dir='ltr'><strong>dona</strong></span> <span class='ocrx_word' id='word_1_159' title='bbox 414 1936 568 2014; x_wconf 90' lang='lat' dir='ltr'><strong>tulerant,</strong></span> <span class='ocrx_word' id='word_1_160' title='bbox 602 1936 729 2000; x_wconf 90' lang='lat' dir='ltr'><strong>tristem</strong></span> <span class='ocrx_word' id='word_1_161' title='bbox 760 1957 830 2001; x_wconf 90' lang='grc' dir='ltr'>ιιιι</span> <span class='ocrx_word' id='word_1_162' title='bbox 865 1934 1079 2020; x_wconf 83' lang='lat' dir='ltr'><strong>Sisigambim,</strong></span> 
     </span>
     <span class='ocr_line' id='line_1_21' title="bbox 13 2023 1078 2110; baseline 0.003 -24"><span class='ocrx_word' id='word_1_163' title='bbox 13 2027 17 2110; x_wconf 69' lang='lat' dir='ltr'><strong>s</strong></span> <span class='ocrx_word' id='word_1_164' title='bbox 74 2024 238 2109; x_wconf 87' lang='lat' dir='ltr'><strong>dignaque</strong></span> <span class='ocrx_word' id='word_1_165' title='bbox 260 2047 312 2089; x_wconf 90' lang='lat' dir='ltr'><strong>res</strong></span> <span class='ocrx_word' id='word_1_166' title='bbox 335 2027 369 2089; x_wconf 91' lang='lat' dir='ltr'><strong>et</strong></span> <span class='ocrx_word' id='word_1_167' title='bbox 390 2024 591 2089; x_wconf 86' lang='lat' dir='ltr'><strong>excusatione</strong></span> <span class='ocrx_word' id='word_1_168' title='bbox 614 2026 645 2087; x_wconf 91' lang='lat' dir='ltr'><strong>et</strong></span> <span class='ocrx_word' id='word_1_169' title='bbox 663 2024 781 2089; x_wconf 90' lang='lat' dir='ltr'><strong>solacio</strong></span> <span class='ocrx_word' id='word_1_170' title='bbox 799 2023 876 2089; x_wconf 85' lang='grc' dir='ltr'>ιιιι.</span> <span class='ocrx_word' id='word_1_171' title='bbox 910 2023 984 2107; x_wconf 91' lang='lat' dir='ltr'><strong>Ipse</strong></span> <span class='ocrx_word' id='word_1_172' title='bbox 1002 2044 1078 2108; x_wconf 88' lang='lat' dir='ltr'><strong>ergo</strong></span> 
     </span>
     <span class='ocr_line' id='line_1_22' title="bbox 13 2109 1080 2283; baseline 0.001 -21"><span class='ocrx_word' id='word_1_173' title='bbox 13 2157 84 2226; x_wconf 76' lang='lat'>÷</span> <span class='ocrx_word' id='word_1_174' title='bbox 75 2109 594 2265; x_wconf 59' lang='grc' dir='ltr'>ιιιιιιιιιιᾲ</span> <span class='ocrx_word' id='word_1_175' title='bbox 615 2112 735 2264; x_wconf 74' lang='grc' dir='ltr'><strong>ιιι</strong></span> <span class='ocrx_word' id='word_1_176' title='bbox 752 2112 1080 2283; x_wconf 53' lang='lat' dir='ltr'><strong>‘irrisisse</strong></span> 
     </span>
     <span class='ocr_line' id='line_1_23' title="bbox 13 2249 319 2284; baseline -0.003 0"><span class='ocrx_word' id='word_1_177' title='bbox 13 2279 14 2284; x_wconf 71' lang='grc'>,</span> <span class='ocrx_word' id='word_1_178' title='bbox 310 2249 319 2283; x_wconf 73' lang='lat'><em>7</em></span> 
     </span>
     <span class='ocr_line' id='line_1_24' title="bbox 76 2286 1130 2386; baseline 0.006 -36"><span class='ocrx_word' id='word_1_179' title='bbox 76 2308 159 2386; x_wconf 82' lang='lat' dir='ltr'><strong>opus</strong></span> <span class='ocrx_word' id='word_1_180' title='bbox 176 2286 278 2351; x_wconf 82' lang='lat' dir='ltr'><strong>vides:</strong></span> <span class='ocrx_word' id='word_1_181' title='bbox 301 2288 404 2351; x_wconf 88' lang='lat' dir='ltr'><strong>nostri</strong></span> <span class='ocrx_word' id='word_1_182' title='bbox 427 2286 576 2371; x_wconf 87' lang='lat' dir='ltr'><strong>decepere</strong></span> <span class='ocrx_word' id='word_1_183' title='bbox 593 2309 645 2352; x_wconf 92' lang='lat' dir='ltr'><strong>me</strong></span> <span class='ocrx_word' id='word_1_184' title='bbox 663 2308 777 2353; x_wconf 90' lang='lat' dir='ltr'><strong>mores.</strong></span> <span class='ocrx_word' id='word_1_185' title='bbox 822 2287 915 2372; x_wconf 83' lang='lat' dir='ltr'><strong>Cave,</strong></span> <span class='ocrx_word' id='word_1_186' title='bbox 938 2288 1080 2371; x_wconf 89' lang='lat' dir='ltr'><strong>obsecro,</strong></span> <span class='ocrx_word' id='word_1_187' title='bbox 1098 2308 1130 2356; x_wconf 87' lang='grc' dir='ltr'><strong>ιι</strong></span> 
     </span>
     <span class='ocr_line' id='line_1_25' title="bbox 13 2373 1079 2526; baseline 0 -88"><span class='ocrx_word' id='word_1_188' title='bbox 13 2451 18 2458; x_wconf 30' lang='lat'>¹</span> <span class='ocrx_word' id='word_1_189' title='bbox 75 2373 112 2438; x_wconf 90' lang='lat' dir='ltr'><strong>in</strong></span> <span class='ocrx_word' id='word_1_190' title='bbox 139 2375 365 2441; x_wconf 88' lang='lat' dir='ltr'><strong>contumeliam</strong></span> <span class='ocrx_word' id='word_1_191' title='bbox 391 2375 564 2526; x_wconf 72' lang='lat' dir='ltr'><strong>acceperist</strong></span> <span class='ocrx_word' id='word_1_192' title='bbox 576 2376 812 2460; x_wconf 86' lang='lat' dir='ltr'><strong>ignorationem</strong></span> <span class='ocrx_word' id='word_1_193' title='bbox 833 2397 946 2439; x_wconf 88' lang='lat' dir='ltr'><strong>meam.</strong></span> <span class='ocrx_word' id='word_1_194' title='bbox 991 2375 1079 2450; x_wconf 80' lang='lat' dir='ltr'><strong>Quae</strong></span> 
     </span>
     <span class='ocr_line' id='line_1_26' title="bbox 13 2463 1079 2564; baseline -0.001 -38"><span class='ocrx_word' id='word_1_195' title='bbox 13 2483 17 2489; x_wconf 76' lang='grc'><strong><em>’</em></strong></span> <span class='ocrx_word' id='word_1_196' title='bbox 76 2463 126 2526; x_wconf 92' lang='lat' dir='ltr'><strong>tui</strong></span> <span class='ocrx_word' id='word_1_197' title='bbox 148 2463 246 2528; x_wconf 90' lang='lat' dir='ltr'><strong>moris</strong></span> <span class='ocrx_word' id='word_1_198' title='bbox 269 2483 338 2527; x_wconf 90' lang='lat' dir='ltr'><strong>esse</strong></span> <span class='ocrx_word' id='word_1_199' title='bbox 361 2463 505 2564; x_wconf 82' lang='lat' dir='ltr'><strong>cognovi,</strong></span> <span class='ocrx_word' id='word_1_200' title='bbox 527 2466 564 2528; x_wconf 94' lang='lat' dir='ltr'><strong>ut</strong></span> <span class='ocrx_word' id='word_1_201' title='bbox 586 2486 688 2547; x_wconf 90' lang='lat' dir='ltr'><strong>spero,</strong></span> <span class='ocrx_word' id='word_1_202' title='bbox 710 2463 835 2529; x_wconf 85' lang='lat' dir='ltr'><strong>abunde</strong></span> <span class='ocrx_word' id='word_1_203' title='bbox 855 2465 982 2527; x_wconf 82' lang='lat' dir='ltr'><strong>servata</strong></span> <span class='ocrx_word' id='word_1_204' title='bbox 997 2466 1079 2526; x_wconf 84' lang='lat' dir='ltr'><strong>sunt</strong></span> 
     </span>
     <span class='ocr_line' id='line_1_27' title="bbox 13 2546 1131 2635; baseline 0.005 -23"><span class='ocrx_word' id='word_1_205' title='bbox 13 2571 15 2635; x_wconf 27' lang='lat' dir='ltr'>Q</span> <span class='ocrx_word' id='word_1_206' title='bbox 78 2546 151 2616; x_wconf 89' lang='lat' dir='ltr'><strong>Seio</strong></span> <span class='ocrx_word' id='word_1_207' title='bbox 184 2551 270 2634; x_wconf 87' lang='lat' dir='ltr'><strong>apud</strong></span> <span class='ocrx_word' id='word_1_208' title='bbox 301 2572 357 2615; x_wconf 84' lang='lat' dir='ltr'><strong>vos</strong></span> <span class='ocrx_word' id='word_1_209' title='bbox 387 2551 494 2615; x_wconf 93' lang='lat' dir='ltr'><strong>filio</strong></span> <span class='ocrx_word' id='word_1_210' title='bbox 484 2573 519 2614; x_wconf 92' lang='lat' dir='ltr'><strong>m</strong></span> <span class='ocrx_word' id='word_1_211' title='bbox 550 2554 721 2635; x_wconf 90' lang='lat' dir='ltr'><strong>conspectu</strong></span> <span class='ocrx_word' id='word_1_212' title='bbox 752 2551 864 2615; x_wconf 86' lang='lat' dir='ltr'><strong>matris</strong></span> <span class='ocrx_word' id='word_1_213' title='bbox 889 2549 981 2612; x_wconf 88' lang='lat' dir='ltr'><strong>nefas</strong></span> <span class='ocrx_word' id='word_1_214' title='bbox 1009 2570 1079 2612; x_wconf 87' lang='lat' dir='ltr'><strong>esse</strong></span> <span class='ocrx_word' id='word_1_215' title='bbox 1097 2570 1131 2618; x_wconf 86' lang='grc' dir='ltr'><strong>ιι</strong></span> 
     </span>
     <span class='ocr_line' id='line_1_28' title="bbox 78 2635 1079 2737; baseline 0 -37"><span class='ocrx_word' id='word_1_216' title='bbox 78 2639 256 2721; x_wconf 88' lang='lat' dir='ltr'><strong>considere,</strong></span> <span class='ocrx_word' id='word_1_217' title='bbox 282 2638 346 2702; x_wconf 90' lang='lat' dir='ltr'><strong>nisi</strong></span> <span class='ocrx_word' id='word_1_218' title='bbox 373 2660 444 2703; x_wconf 91' lang='lat' dir='ltr'><strong>cum</strong></span> <span class='ocrx_word' id='word_1_219' title='bbox 467 2639 523 2702; x_wconf 89' lang='lat' dir='ltr'><strong>illa</strong></span> <span class='ocrx_word' id='word_1_220' title='bbox 544 2640 702 2723; x_wconf 89' lang='lat' dir='ltr'><strong>permisit.</strong></span> <span class='ocrx_word' id='word_1_221' title='bbox 734 2639 1016 2737; x_wconf 81' lang='lat' dir='ltr'><strong>quotienscumque</strong></span> <span class='ocrx_word' id='word_1_222' title='bbox 1039 2635 1079 2700; x_wconf 93' lang='lat' dir='ltr'><strong>ad</strong></span> 
     </span>
     <span class='ocr_line' id='line_1_29' title="bbox 77 2689 1079 2810; baseline -0.003 -21"><span class='ocrx_word' id='word_1_223' title='bbox 77 2727 109 2789; x_wconf 89' lang='lat' dir='ltr'><strong>te</strong></span> <span class='ocrx_word' id='word_1_224' title='bbox 132 2727 219 2810; x_wconf 87' lang='lat' dir='ltr'><strong>veni,</strong></span> <span class='ocrx_word' id='word_1_225' title='bbox 242 2689 353 2809; x_wconf 88' lang='lat' dir='ltr'><strong>donec,</strong></span> <span class='ocrx_word' id='word_1_226' title='bbox 375 2730 412 2790; x_wconf 92' lang='lat' dir='ltr'><strong>ut</strong></span> <span class='ocrx_word' id='word_1_227' title='bbox 433 2726 638 2810; x_wconf 89' lang='lat' dir='ltr'><strong>considerem,</strong></span> <span class='ocrx_word' id='word_1_228' title='bbox 661 2726 824 2807; x_wconf 87' lang='lat' dir='ltr'><strong>adnueres,</strong></span> <span class='ocrx_word' id='word_1_229' title='bbox 846 2723 958 2788; x_wconf 90' lang='lat' dir='ltr'><strong>restiti.</strong></span> <span class='ocrx_word' id='word_1_230' title='bbox 1002 2723 1079 2787; x_wconf 90' lang='lat' dir='ltr'><strong>Pro-</strong></span> 
     </span>
     <span class='ocr_line' id='line_1_30' title="bbox 13 2810 1078 2897; baseline 0 -21"><span class='ocrx_word' id='word_1_231' title='bbox 13 2831 14 2838; x_wconf 54' lang='lat'><em>*</em></span> <span class='ocrx_word' id='word_1_232' title='bbox 79 2815 230 2879; x_wconf 87' lang='lat' dir='ltr'><strong>eumbens</strong></span> <span class='ocrx_word' id='word_1_233' title='bbox 251 2814 396 2877; x_wconf 81' lang='lat' dir='ltr'><strong>venerari</strong></span> <span class='ocrx_word' id='word_1_234' title='bbox 418 2835 468 2877; x_wconf 92' lang='lat' dir='ltr'><strong>me</strong></span> <span class='ocrx_word' id='word_1_235' title='bbox 492 2835 584 2897; x_wconf 90' lang='lat' dir='ltr'><strong>saepe</strong></span> <span class='ocrx_word' id='word_1_236' title='bbox 606 2813 752 2878; x_wconf 85' lang='lat' dir='ltr'><strong>voluisti:</strong></span> <span class='ocrx_word' id='word_1_237' title='bbox 778 2811 910 2876; x_wconf 91' lang='lat' dir='ltr'><strong>inhibui.</strong></span> <span class='ocrx_word' id='word_1_238' title='bbox 954 2810 1078 2876; x_wconf 89' lang='lat' dir='ltr'><strong>Dulcis·</strong></span> 
     </span>
     <span class='ocr_line' id='line_1_31' title="bbox 80 2898 1017 2986; baseline -0.002 -21"><span class='ocrx_word' id='word_1_239' title='bbox 80 2901 177 2966; x_wconf 90' lang='lat' dir='ltr'><strong>simae</strong></span> <span class='ocrx_word' id='word_1_240' title='bbox 200 2902 296 2967; x_wconf 83' lang='lat' dir='ltr'><strong>matri</strong></span> <span class='ocrx_word' id='word_1_241' title='bbox 314 2900 495 2986; x_wconf 83' lang='lat' dir='ltr'><strong>Olympiadi</strong></span> <span class='ocrx_word' id='word_1_242' title='bbox 516 2923 634 2966; x_wconf 91' lang='lat' dir='ltr'><strong>nomen</strong></span> <span class='ocrx_word' id='word_1_243' title='bbox 652 2900 796 2965; x_wconf 89' lang='lat' dir='ltr'><strong>debitum</strong></span> <span class='ocrx_word' id='word_1_244' title='bbox 816 2900 877 2964; x_wconf 89' lang='lat' dir='ltr'><strong>tibi</strong></span> <span class='ocrx_word' id='word_1_245' title='bbox 898 2898 1017 2965; x_wconf 68' lang='lat' dir='ltr'><strong>reddo?</strong></span> 
     </span>
    </p>
   </div>
   <div class='ocr_carea' id='block_1_3' title="bbox 502 3057 659 3124">
    <p class='ocr_par' dir='ltr' id='par_1_3' title="bbox 502 3057 659 3124">
     <span class='ocr_line' id='line_1_32' title="bbox 502 3057 659 3124; baseline -0.014 0"><span class='ocrx_word' id='word_1_246' title='bbox 502 3057 578 3124; x_wconf 74' lang='lat' dir='ltr'><strong>Osa.</strong></span> <span class='ocrx_word' id='word_1_247' title='bbox 601 3057 659 3122; x_wconf 93' lang='lat' dir='ltr'><strong>III</strong></span> 
     </span>
    </p>
   </div>
   <div class='ocr_carea' id='block_1_4' title="bbox 37 3155 1114 3687">
    <p class='ocr_par' dir='ltr' id='par_1_4' title="bbox 37 3155 1114 3687">
     <span class='ocr_line' id='line_1_33' title="bbox 37 3155 1113 3250; baseline 0.003 -22"><span class='ocrx_word' id='word_1_248' title='bbox 37 3155 73 3221; x_wconf 84' lang='lat'><strong>10</strong></span> <span class='ocrx_word' id='word_1_249' title='bbox 166 3163 314 3250; x_wconf 88' lang='lat' dir='ltr'><strong>Mitigato</strong></span> <span class='ocrx_word' id='word_1_250' title='bbox 342 3164 449 3229; x_wconf 91' lang='lat' dir='ltr'><strong>animo</strong></span> <span class='ocrx_word' id='word_1_251' title='bbox 477 3165 544 3228; x_wconf 90' lang='lat' dir='ltr'><strong>eius</strong></span> <span class='ocrx_word' id='word_1_252' title='bbox 572 3185 627 3240; x_wconf 85' lang='lat' dir='ltr'><strong>rex</strong></span> <span class='ocrx_word' id='word_1_253' title='bbox 654 3163 777 3248; x_wconf 87' lang='lat' dir='ltr'><strong>quartis</strong></span> <span class='ocrx_word' id='word_1_254' title='bbox 800 3163 913 3228; x_wconf 87' lang='lat' dir='ltr'><strong>castris</strong></span> <span class='ocrx_word' id='word_1_255' title='bbox 935 3164 1113 3247; x_wconf 82' lang='lat' dir='ltr'><strong>pervenitr</strong></span> 
     </span>
     <span class='ocr_line' id='line_1_34' title="bbox 82 3235 1080 3337; baseline 0 -21"><span class='ocrx_word' id='word_1_256' title='bbox 82 3249 120 3316; x_wconf 80' lang='lat' dir='ltr'><strong>ad</strong></span> <span class='ocrx_word' id='word_1_257' title='bbox 141 3252 264 3337; x_wconf 82' lang='lat' dir='ltr'><strong>Tigrim</strong></span> <span class='ocrx_word' id='word_1_258' title='bbox 286 3253 425 3317; x_wconf 85' lang='lat' dir='ltr'><strong>fluvium.</strong></span> <span class='ocrx_word' id='word_1_259' title='bbox 468 3235 654 3337; x_wconf 91' lang='lat' dir='ltr'><strong>Pasitigrim</strong></span> <span class='ocrx_word' id='word_1_260' title='bbox 675 3252 799 3316; x_wconf 89' lang='lat' dir='ltr'><strong>incolae</strong></span> <span class='ocrx_word' id='word_1_261' title='bbox 820 3255 949 3317; x_wconf 79' lang='lat' dir='ltr'><strong>vocant.</strong></span> <span class='ocrx_word' id='word_1_262' title='bbox 978 3253 1080 3316; x_wconf 87' lang='lat' dir='ltr'><strong>oritur</strong></span> 
     </span>
     <span class='ocr_line' id='line_1_35' title="bbox 81 3337 1079 3422; baseline 0.002 -20"><span class='ocrx_word' id='word_1_263' title='bbox 81 3337 114 3402; x_wconf 94' lang='lat' dir='ltr'><strong>in</strong></span> <span class='ocrx_word' id='word_1_264' title='bbox 147 3341 310 3405; x_wconf 89' lang='lat' dir='ltr'><strong>montibus</strong></span> <span class='ocrx_word' id='word_1_265' title='bbox 341 3339 565 3405; x_wconf 80' lang='lat' dir='ltr'><strong>Uxiorumt</strong></span> <span class='ocrx_word' id='word_1_266' title='bbox 533 3343 565 3404; x_wconf 90' lang='lat' dir='ltr'><strong>et</strong></span> <span class='ocrx_word' id='word_1_267' title='bbox 593 3361 656 3422; x_wconf 89' lang='lat' dir='ltr'><strong>per</strong></span> <span class='ocrx_word' id='word_1_268' title='bbox 690 3356 712 3404; x_wconf 73' lang='grc' dir='ltr'><strong>ι,</strong></span> <span class='ocrx_word' id='word_1_269' title='bbox 744 3340 849 3405; x_wconf 86' lang='lat' dir='ltr'><strong>stadia</strong></span> <span class='ocrx_word' id='word_1_270' title='bbox 880 3340 1079 3404; x_wconf 81' lang='lat' dir='ltr'><strong>silvestribus</strong></span> 
     </span>
     <span class='ocr_line' id='line_1_36' title="bbox 81 3425 1114 3512; baseline 0.008 -24"><span class='ocrx_word' id='word_1_271' title='bbox 81 3426 157 3510; x_wconf 85' lang='lat' dir='ltr'><strong>ripis</strong></span> <span class='ocrx_word' id='word_1_272' title='bbox 179 3449 330 3512; x_wconf 90' lang='lat' dir='ltr'><strong>praeceps</strong></span> <span class='ocrx_word' id='word_1_273' title='bbox 352 3429 437 3492; x_wconf 89' lang='lat' dir='ltr'><strong>inter</strong></span> <span class='ocrx_word' id='word_1_274' title='bbox 460 3449 536 3492; x_wconf 87' lang='lat' dir='ltr'><strong>saxa</strong></span> <span class='ocrx_word' id='word_1_275' title='bbox 556 3425 743 3494; x_wconf 86' lang='lat' dir='ltr'><strong>devolvitur.</strong></span> <span class='ocrx_word' id='word_1_276' title='bbox 778 3427 949 3511; x_wconf 78' lang='lat' dir='ltr'><strong>Accipiunt</strong></span> <span class='ocrx_word' id='word_1_277' title='bbox 966 3427 1114 3496; x_wconf 81' lang='lat' dir='ltr'><strong>deindea</strong></span> 
     </span>
     <span class='ocr_line' id='line_1_37' title="bbox 83 3515 1079 3600; baseline 0.004 -26"><span class='ocrx_word' id='word_1_278' title='bbox 83 3532 151 3579; x_wconf 92' lang='lat' dir='ltr'><strong>eum</strong></span> <span class='ocrx_word' id='word_1_279' title='bbox 174 3517 291 3599; x_wconf 87' lang='lat' dir='ltr'><strong>campi,</strong></span> <span class='ocrx_word' id='word_1_280' title='bbox 313 3537 393 3600; x_wconf 89' lang='lat' dir='ltr'><strong>quos</strong></span> <span class='ocrx_word' id='word_1_281' title='bbox 416 3516 618 3581; x_wconf 88' lang='lat' dir='ltr'><strong>clementiore</strong></span> <span class='ocrx_word' id='word_1_282' title='bbox 641 3517 729 3580; x_wconf 82' lang='lat' dir='ltr'><strong>alveo</strong></span> <span class='ocrx_word' id='word_1_283' title='bbox 752 3515 917 3598; x_wconf 89' lang='lat' dir='ltr'><strong>praeterit,</strong></span> <span class='ocrx_word' id='word_1_284' title='bbox 938 3515 1003 3579; x_wconf 87' lang='lat' dir='ltr'><strong>iam</strong></span> <span class='ocrx_word' id='word_1_285' title='bbox 1025 3537 1079 3578; x_wconf 90' lang='lat' dir='ltr'><strong>na·</strong></span> 
     </span>
     <span class='ocr_line' id='line_1_38' title="bbox 83 3602 1079 3687; baseline 0.002 -24"><span class='ocrx_word' id='word_1_286' title='bbox 83 3602 165 3667; x_wconf 78' lang='lat' dir='ltr'><strong>vium</strong></span> <span class='ocrx_word' id='word_1_287' title='bbox 187 3605 323 3687; x_wconf 87' lang='lat' dir='ltr'><strong>patiens.</strong></span> <span class='ocrx_word' id='word_1_288' title='bbox 356 3620 402 3669; x_wconf 83' lang='lat' dir='ltr'><strong>Do</strong></span> <span class='ocrx_word' id='word_1_289' title='bbox 425 3608 501 3668; x_wconf 90' lang='lat' dir='ltr'><strong>sunt</strong></span> <span class='ocrx_word' id='word_1_290' title='bbox 522 3604 626 3668; x_wconf 88' lang='lat' dir='ltr'><strong>stadia</strong></span> <span class='ocrx_word' id='word_1_291' title='bbox 648 3603 802 3668; x_wconf 88' lang='lat' dir='ltr'><strong>mollioris</strong></span> <span class='ocrx_word' id='word_1_292' title='bbox 826 3603 894 3687; x_wconf 90' lang='lat' dir='ltr'><strong>soli,</strong></span> <span class='ocrx_word' id='word_1_293' title='bbox 914 3625 973 3687; x_wconf 89' lang='lat' dir='ltr'><strong>per</strong></span> <span class='ocrx_word' id='word_1_294' title='bbox 995 3602 1079 3686; x_wconf 92' lang='lat' dir='ltr'><strong>quod</strong></span> 
     </span>
    </p>
   </div>
   <div class='ocr_carea' id='block_1_5' title="bbox 0 0 1318 4098">
    <p class='ocr_par' dir='ltr' id='par_1_5' title="bbox 0 0 1318 4098">
     <span class='ocr_line' id='line_1_39' title="bbox 0 0 1318 4098; baseline 0 0"><span class='ocrx_word' id='word_1_295' title='bbox 0 0 1318 4098; x_wconf 95' lang='lat' dir='ltr'><strong> </strong></span> 
     </span>
    </p>
   </div>
  </div>
 </body>
</html>
