<?xml version="1.0" encoding="UTF-8"?>
<!DOCTYPE html PUBLIC "-//W3C//DTD XHTML 1.0 Transitional//EN"
    "http://www.w3.org/TR/xhtml1/DTD/xhtml1-transitional.dtd">
<html xmlns="http://www.w3.org/1999/xhtml" xml:lang="en" lang="en">
 <head>
  <title>
</title>
<meta http-equiv="Content-Type" content="text/html;charset=utf-8" />
  <meta name='ocr-system' content='tesseract 3.04.00' />
  <meta name='ocr-capabilities' content='ocr_page ocr_carea ocr_par ocr_line ocrx_word'/>
</head>
<body>
  <div class='ocr_page' id='page_1' title='image "./qcurtirufihisto04rufugoog_0075.png"; bbox 0 0 2552 4108; ppageno 0'>
   <div class='ocr_carea' id='block_1_1' title="bbox 242 222 1066 291">
    <p class='ocr_par' dir='ltr' id='par_1_1' title="bbox 242 222 1066 291">
     <span class='ocr_line' id='line_1_1' title="bbox 242 222 1066 291; baseline 0.008 -12"><span class='ocrx_word' id='word_1_1' title='bbox 242 222 494 279; x_wconf 81' lang='lat' dir='ltr'><strong>HISTORIARUM</strong></span> <span class='ocrx_word' id='word_1_2' title='bbox 511 222 727 278; x_wconf 79' lang='lat' dir='ltr'><strong>ALEXANDRI</strong></span> <span class='ocrx_word' id='word_1_3' title='bbox 744 223 795 291; x_wconf 88' lang='lat' dir='ltr'><strong>lV,</strong></span> <span class='ocrx_word' id='word_1_4' title='bbox 814 229 840 276; x_wconf 83' lang='lat'><strong>4.</strong></span> <span class='ocrx_word' id='word_1_5' title='bbox 859 229 884 278; x_wconf 79' lang='grc'><strong>6.</strong></span> <span class='ocrx_word' id='word_1_6' title='bbox 1023 223 1066 286; x_wconf 83' lang='grc'><strong>43</strong></span> 
     </span>
    </p>
   </div>
   <div class='ocr_carea' id='block_1_2' title="bbox 51 367 1185 1778">
    <p class='ocr_par' dir='ltr' id='par_1_2' title="bbox 51 367 1185 1778">
     <span class='ocr_line' id='line_1_2' title="bbox 52 367 1066 454; baseline -0.003 -20"><span class='ocrx_word' id='word_1_7' title='bbox 52 374 139 454; x_wconf 87' lang='lat' dir='ltr'><strong>erat,</strong></span> <span class='ocrx_word' id='word_1_8' title='bbox 170 372 270 454; x_wconf 91' lang='lat' dir='ltr'><strong>capta</strong></span> <span class='ocrx_word' id='word_1_9' title='bbox 292 373 354 453; x_wconf 89' lang='lat' dir='ltr'><strong>est,</strong></span> <span class='ocrx_word' id='word_1_10' title='bbox 384 369 461 433; x_wconf 90' lang='lat' dir='ltr'><strong>urbs</strong></span> <span class='ocrx_word' id='word_1_11' title='bbox 489 371 521 432; x_wconf 89' lang='lat' dir='ltr'><strong>et</strong></span> <span class='ocrx_word' id='word_1_12' title='bbox 550 370 711 432; x_wconf 81' lang='lat' dir='ltr'><strong>vetustate</strong></span> <span class='ocrx_word' id='word_1_13' title='bbox 739 368 873 452; x_wconf 85' lang='lat' dir='ltr'><strong>originis</strong></span> <span class='ocrx_word' id='word_1_14' title='bbox 896 372 928 432; x_wconf 98' lang='grc' dir='ltr'><strong>εὴ</strong></span> <span class='ocrx_word' id='word_1_15' title='bbox 956 367 1066 432; x_wconf 88' lang='lat' dir='ltr'><strong>crebra</strong></span> 
     </span>
     <span class='ocr_line' id='line_1_3' title="bbox 51 455 1066 541; baseline -0.002 -19"><span class='ocrx_word' id='word_1_16' title='bbox 51 459 208 523; x_wconf 72' lang='lat' dir='ltr'><strong>fortunae</strong></span> <span class='ocrx_word' id='word_1_17' title='bbox 237 459 391 522; x_wconf 84' lang='lat' dir='ltr'><strong>varietate</strong></span> <span class='ocrx_word' id='word_1_18' title='bbox 419 457 459 521; x_wconf 91' lang='lat' dir='ltr'><strong>ad</strong></span> <span class='ocrx_word' id='word_1_19' title='bbox 486 455 672 520; x_wconf 80' lang='lat' dir='ltr'>memoriam</span> <span class='ocrx_word' id='word_1_20' title='bbox 698 456 896 540; x_wconf 73' lang='lat' dir='ltr'><strong>posteritatis</strong></span> <span class='ocrx_word' id='word_1_21' title='bbox 919 456 1066 541; x_wconf 86' lang='lat' dir='ltr'><strong>insignis.</strong></span> 
     </span>
     <span class='ocr_line' id='line_1_4' title="bbox 54 544 1067 630; baseline -0.004 -18"><span class='ocrx_word' id='word_1_22' title='bbox 54 545 197 612; x_wconf 82' lang='lat' dir='ltr'><strong>Condita</strong></span> <span class='ocrx_word' id='word_1_23' title='bbox 222 547 263 610; x_wconf 91' lang='lat' dir='ltr'><strong>ab</strong></span> <span class='ocrx_word' id='word_1_24' title='bbox 277 545 427 630; x_wconf 78' lang='lat' dir='ltr'><strong>Agenore</strong></span> <span class='ocrx_word' id='word_1_25' title='bbox 446 545 500 608; x_wconf 92' lang='lat' dir='ltr'><strong>diu</strong></span> <span class='ocrx_word' id='word_1_26' title='bbox 521 565 617 628; x_wconf 87' lang='lat' dir='ltr'><strong>mare,</strong></span> <span class='ocrx_word' id='word_1_27' title='bbox 639 565 706 608; x_wconf 93' lang='lat' dir='ltr'><strong>non</strong></span> <span class='ocrx_word' id='word_1_28' title='bbox 724 544 865 609; x_wconf 84' lang='lat' dir='ltr'><strong>ricinum</strong></span> <span class='ocrx_word' id='word_1_29' title='bbox 882 544 988 629; x_wconf 91' lang='lat' dir='ltr'><strong>modo,</strong></span> <span class='ocrx_word' id='word_1_30' title='bbox 1011 545 1067 609; x_wconf 86' lang='lat' dir='ltr'><strong>sed</strong></span> 
     </span>
     <span class='ocr_line' id='line_1_5' title="bbox 53 631 1066 718; baseline -0.002 -20"><span class='ocrx_word' id='word_1_31' title='bbox 53 635 282 718; x_wconf 90' lang='lat' dir='ltr'><strong>quodcumque</strong></span> <span class='ocrx_word' id='word_1_32' title='bbox 305 636 423 699; x_wconf 81' lang='lat' dir='ltr'><strong>classes</strong></span> <span class='ocrx_word' id='word_1_33' title='bbox 447 635 514 698; x_wconf 89' lang='lat' dir='ltr'><strong>eius</strong></span> <span class='ocrx_word' id='word_1_34' title='bbox 536 633 698 716; x_wconf 88' lang='lat' dir='ltr'><strong>adierunt,</strong></span> <span class='ocrx_word' id='word_1_35' title='bbox 724 631 858 698; x_wconf 80' lang='lat' dir='ltr'><strong>dicionis</strong></span> <span class='ocrx_word' id='word_1_36' title='bbox 882 655 958 698; x_wconf 90' lang='lat' dir='ltr'><strong>suae</strong></span> <span class='ocrx_word' id='word_1_37' title='bbox 981 633 1066 697; x_wconf 87' lang='lat' dir='ltr'><strong>fecit.</strong></span> 
     </span>
     <span class='ocr_line' id='line_1_6' title="bbox 53 721 1068 807; baseline -0.002 -20"><span class='ocrx_word' id='word_1_38' title='bbox 53 722 106 807; x_wconf 79' lang='lat' dir='ltr'><strong>Et,</strong></span> <span class='ocrx_word' id='word_1_39' title='bbox 129 724 159 787; x_wconf 90' lang='lat' dir='ltr'><strong>si</strong></span> <span class='ocrx_word' id='word_1_40' title='bbox 177 723 287 787; x_wconf 87' lang='lat' dir='ltr'><strong>famae</strong></span> <span class='ocrx_word' id='word_1_41' title='bbox 305 723 385 786; x_wconf 90' lang='lat' dir='ltr'><strong>libet</strong></span> <span class='ocrx_word' id='word_1_42' title='bbox 402 722 538 804; x_wconf 88' lang='lat' dir='ltr'><strong>credere,</strong></span> <span class='ocrx_word' id='word_1_43' title='bbox 558 722 638 785; x_wconf 90' lang='lat' dir='ltr'><strong>haec</strong></span> <span class='ocrx_word' id='word_1_44' title='bbox 654 741 734 804; x_wconf 87' lang='lat' dir='ltr'><strong>gens</strong></span> <span class='ocrx_word' id='word_1_45' title='bbox 747 721 871 785; x_wconf 91' lang='lat' dir='ltr'><strong>litteras</strong></span> <span class='ocrx_word' id='word_1_46' title='bbox 888 721 993 805; x_wconf 91' lang='lat' dir='ltr'><strong>prima</strong></span> <span class='ocrx_word' id='word_1_47' title='bbox 1011 725 1068 786; x_wconf 90' lang='lat' dir='ltr'><strong>aut</strong></span> 
     </span>
     <span class='ocr_line' id='line_1_7' title="bbox 54 809 1185 894; baseline -0.002 -19"><span class='ocrx_word' id='word_1_48' title='bbox 54 811 165 876; x_wconf 90' lang='lat' dir='ltr'><strong>docuit</strong></span> <span class='ocrx_word' id='word_1_49' title='bbox 194 814 254 875; x_wconf 87' lang='lat' dir='ltr'><strong>aut</strong></span> <span class='ocrx_word' id='word_1_50' title='bbox 284 811 402 875; x_wconf 85' lang='lat' dir='ltr'><strong>didicit.</strong></span> <span class='ocrx_word' id='word_1_51' title='bbox 456 809 608 876; x_wconf 83' lang='lat' dir='ltr'><strong>Coloniae</strong></span> <span class='ocrx_word' id='word_1_52' title='bbox 640 813 724 874; x_wconf 88' lang='lat' dir='ltr'><strong>certe</strong></span> <span class='ocrx_word' id='word_1_53' title='bbox 757 809 824 874; x_wconf 87' lang='lat' dir='ltr'><strong>eius</strong></span> <span class='ocrx_word' id='word_1_54' title='bbox 855 831 958 894; x_wconf 88' lang='lat' dir='ltr'><strong>paene</strong></span> <span class='ocrx_word' id='word_1_55' title='bbox 990 811 1067 874; x_wconf 90' lang='lat' dir='ltr'><strong>orbe</strong></span> <span class='ocrx_word' id='word_1_56' title='bbox 1183 862 1185 866; x_wconf 94' lang='lat'><strong>.</strong></span> 
     </span>
     <span class='ocr_line' id='line_1_8' title="bbox 54 897 1067 983; baseline -0.001 -20"><span class='ocrx_word' id='word_1_57' title='bbox 54 903 124 964; x_wconf 90' lang='lat' dir='ltr'><strong>toto</strong></span> <span class='ocrx_word' id='word_1_58' title='bbox 158 899 296 963; x_wconf 87' lang='lat' dir='ltr'><strong>diffusae</strong></span> <span class='ocrx_word' id='word_1_59' title='bbox 328 902 419 964; x_wconf 89' lang='lat' dir='ltr'><strong>sunt:</strong></span> <span class='ocrx_word' id='word_1_60' title='bbox 456 897 618 983; x_wconf 73' lang='lat' dir='ltr'><strong>Carthago</strong></span> <span class='ocrx_word' id='word_1_61' title='bbox 650 898 685 960; x_wconf 91' lang='lat' dir='ltr'><strong>in</strong></span> <span class='ocrx_word' id='word_1_62' title='bbox 711 897 835 982; x_wconf 86' lang='lat' dir='ltr'><strong>Africa,</strong></span> <span class='ocrx_word' id='word_1_63' title='bbox 866 899 902 962; x_wconf 88' lang='lat' dir='ltr'><strong>in</strong></span> <span class='ocrx_word' id='word_1_64' title='bbox 932 897 1067 963; x_wconf 91' lang='lat' dir='ltr'><strong>Boeotia</strong></span> 
     </span>
     <span class='ocr_line' id='line_1_9' title="bbox 55 982 1119 1072; baseline 0.005 -22"><span class='ocrx_word' id='word_1_65' title='bbox 55 986 196 1072; x_wconf 82' lang='lat' dir='ltr'><strong>Thebae,</strong></span> <span class='ocrx_word' id='word_1_66' title='bbox 221 986 327 1052; x_wconf 82' lang='lat' dir='ltr'><strong>Gades</strong></span> <span class='ocrx_word' id='word_1_67' title='bbox 351 987 392 1051; x_wconf 89' lang='lat' dir='ltr'><strong>ad</strong></span> <span class='ocrx_word' id='word_1_68' title='bbox 410 985 581 1052; x_wconf 90' lang='lat' dir='ltr'><strong>Oceanum.</strong></span> <span class='ocrx_word' id='word_1_69' title='bbox 617 982 720 1051; x_wconf 80' lang='lat' dir='ltr'><strong>Credo</strong></span> <span class='ocrx_word' id='word_1_70' title='bbox 740 985 841 1050; x_wconf 91' lang='lat' dir='ltr'><strong>libero</strong></span> <span class='ocrx_word' id='word_1_71' title='bbox 860 991 1067 1052; x_wconf 79' lang='lat' dir='ltr'><strong>conmeantes</strong></span> <span class='ocrx_word' id='word_1_72' title='bbox 1085 1007 1119 1055; x_wconf 77' lang='lat' dir='ltr'><strong>ao</strong></span> 
     </span>
     <span class='ocr_line' id='line_1_10' title="bbox 56 1073 1066 1160; baseline 0.001 -22"><span class='ocrx_word' id='word_1_73' title='bbox 56 1077 137 1139; x_wconf 89' lang='lat' dir='ltr'><strong>mari</strong></span> <span class='ocrx_word' id='word_1_74' title='bbox 161 1076 354 1160; x_wconf 78' lang='lat' dir='ltr'><strong>saepiusque</strong></span> <span class='ocrx_word' id='word_1_75' title='bbox 377 1075 522 1140; x_wconf 90' lang='lat' dir='ltr'><strong>adeundo</strong></span> <span class='ocrx_word' id='word_1_76' title='bbox 545 1073 658 1139; x_wconf 87' lang='lat' dir='ltr'><strong>ceteris</strong></span> <span class='ocrx_word' id='word_1_77' title='bbox 680 1073 862 1158; x_wconf 87' lang='lat' dir='ltr'><strong>incognitas</strong></span> <span class='ocrx_word' id='word_1_78' title='bbox 883 1079 986 1140; x_wconf 88' lang='lat' dir='ltr'><strong>terras</strong></span> <span class='ocrx_word' id='word_1_79' title='bbox 1005 1077 1066 1139; x_wconf 88' lang='lat' dir='ltr'><strong>ele-</strong></span> 
     </span>
     <span class='ocr_line' id='line_1_11' title="bbox 56 1161 1068 1248; baseline 0 -20"><span class='ocrx_word' id='word_1_80' title='bbox 56 1165 142 1247; x_wconf 85' lang='lat' dir='ltr'><strong>gisse</strong></span> <span class='ocrx_word' id='word_1_81' title='bbox 165 1164 260 1228; x_wconf 88' lang='lat' dir='ltr'><strong>sedes</strong></span> <span class='ocrx_word' id='word_1_82' title='bbox 282 1164 451 1248; x_wconf 85' lang='lat' dir='ltr'><strong>iuventuti,</strong></span> <span class='ocrx_word' id='word_1_83' title='bbox 476 1185 540 1248; x_wconf 90' lang='lat' dir='ltr'><strong>qua</strong></span> <span class='ocrx_word' id='word_1_84' title='bbox 561 1166 639 1228; x_wconf 91' lang='lat' dir='ltr'><strong>tunc</strong></span> <span class='ocrx_word' id='word_1_85' title='bbox 661 1161 878 1246; x_wconf 84' lang='lat' dir='ltr'><strong>abundabant,</strong></span> <span class='ocrx_word' id='word_1_86' title='bbox 901 1163 968 1227; x_wconf 87' lang='lat' dir='ltr'><strong>sive</strong></span> <span class='ocrx_word' id='word_1_87' title='bbox 992 1165 1068 1248; x_wconf 91' lang='lat' dir='ltr'><strong>quia</strong></span> 
     </span>
     <span class='ocr_line' id='line_1_12' title="bbox 57 1251 1066 1334; baseline 0.001 -19"><span class='ocrx_word' id='word_1_88' title='bbox 57 1253 177 1316; x_wconf 86' lang='lat' dir='ltr'><strong>crebris</strong></span> <span class='ocrx_word' id='word_1_89' title='bbox 200 1252 344 1316; x_wconf 91' lang='lat' dir='ltr'><strong>motibus</strong></span> <span class='ocrx_word' id='word_1_90' title='bbox 367 1259 470 1316; x_wconf 88' lang='lat' dir='ltr'><strong>terrae</strong></span> <span class='ocrx_word' id='word_1_91' title='bbox 484 1289 527 1298; x_wconf 97' lang='lat'>—</span> <span class='ocrx_word' id='word_1_92' title='bbox 540 1251 700 1316; x_wconf 89' lang='lat' dir='ltr'><strong>namhoc</strong></span> <span class='ocrx_word' id='word_1_93' title='bbox 722 1271 848 1334; x_wconf 91' lang='lat' dir='ltr'><strong>quoque</strong></span> <span class='ocrx_word' id='word_1_94' title='bbox 875 1251 1066 1316; x_wconf 85' lang='lat' dir='ltr'><strong>traditur-</strong></span> 
     </span>
     <span class='ocr_line' id='line_1_13' title="bbox 57 1337 1066 1426; baseline 0.002 -23"><span class='ocrx_word' id='word_1_95' title='bbox 57 1341 196 1405; x_wconf 89' lang='lat' dir='ltr'><strong>cultores</strong></span> <span class='ocrx_word' id='word_1_96' title='bbox 225 1341 295 1404; x_wconf 89' lang='lat' dir='ltr'><strong>eius</strong></span> <span class='ocrx_word' id='word_1_97' title='bbox 321 1339 450 1426; x_wconf 87' lang='lat' dir='ltr'><strong>fatigati</strong></span> <span class='ocrx_word' id='word_1_98' title='bbox 472 1361 557 1405; x_wconf 87' lang='lat' dir='ltr'><strong>nova</strong></span> <span class='ocrx_word' id='word_1_99' title='bbox 579 1344 612 1405; x_wconf 90' lang='lat' dir='ltr'><strong>et</strong></span> <span class='ocrx_word' id='word_1_100' title='bbox 634 1342 765 1404; x_wconf 84' lang='lat' dir='ltr'><strong>externa</strong></span> <span class='ocrx_word' id='word_1_101' title='bbox 786 1337 947 1402; x_wconf 88' lang='lat' dir='ltr'><strong>domicilia</strong></span> <span class='ocrx_word' id='word_1_102' title='bbox 969 1341 1066 1405; x_wconf 91' lang='lat' dir='ltr'><strong>armis</strong></span> 
     </span>
     <span class='ocr_line' id='line_1_14' title="bbox 58 1426 1116 1512; baseline 0.002 -22"><span class='ocrx_word' id='word_1_103' title='bbox 58 1428 186 1494; x_wconf 87' lang='lat' dir='ltr'><strong>sibimet</strong></span> <span class='ocrx_word' id='word_1_104' title='bbox 210 1449 362 1512; x_wconf 87' lang='lat' dir='ltr'><strong>quaerere</strong></span> <span class='ocrx_word' id='word_1_105' title='bbox 385 1429 589 1512; x_wconf 82' lang='lat' dir='ltr'><strong>cogebantur.</strong></span> <span class='ocrx_word' id='word_1_106' title='bbox 629 1427 740 1492; x_wconf 88' lang='lat' dir='ltr'><strong>Multis</strong></span> <span class='ocrx_word' id='word_1_107' title='bbox 763 1447 839 1511; x_wconf 88' lang='lat' dir='ltr'><strong>ergo</strong></span> <span class='ocrx_word' id='word_1_108' title='bbox 863 1426 990 1492; x_wconf 86' lang='lat' dir='ltr'><strong>casibus</strong></span> <span class='ocrx_word' id='word_1_109' title='bbox 1013 1429 1066 1492; x_wconf 91' lang='lat' dir='ltr'><strong>de·</strong></span> <span class='ocrx_word' id='word_1_110' title='bbox 1085 1451 1116 1498; x_wconf 79' lang='lat'><strong>21</strong></span> 
     </span>
     <span class='ocr_line' id='line_1_15' title="bbox 57 1513 1068 1605; baseline 0.002 -27"><span class='ocrx_word' id='word_1_111' title='bbox 57 1514 168 1581; x_wconf 85' lang='lat' dir='ltr'><strong>functa</strong></span> <span class='ocrx_word' id='word_1_112' title='bbox 201 1521 236 1582; x_wconf 87' lang='lat' dir='ltr'><strong>et</strong></span> <span class='ocrx_word' id='word_1_113' title='bbox 266 1513 342 1600; x_wconf 88' lang='lat' dir='ltr'><strong>post</strong></span> <span class='ocrx_word' id='word_1_114' title='bbox 374 1517 530 1581; x_wconf 86' lang='lat' dir='ltr'><strong>excidium</strong></span> <span class='ocrx_word' id='word_1_115' title='bbox 559 1519 673 1581; x_wconf 89' lang='lat' dir='ltr'><strong>renata</strong></span> <span class='ocrx_word' id='word_1_116' title='bbox 698 1536 786 1579; x_wconf 91' lang='lat' dir='ltr'><strong>nunc</strong></span> <span class='ocrx_word' id='word_1_117' title='bbox 811 1514 943 1605; x_wconf 88' lang='lat' dir='ltr'><strong>tandem</strong></span> <span class='ocrx_word' id='word_1_118' title='bbox 969 1516 1068 1600; x_wconf 85' lang='lat' dir='ltr'><strong>longa</strong></span> 
     </span>
     <span class='ocr_line' id='line_1_16' title="bbox 58 1603 1067 1684; baseline 0.002 -18"><span class='ocrx_word' id='word_1_119' title='bbox 58 1624 134 1684; x_wconf 88' lang='lat' dir='ltr'><strong>pace</strong></span> <span class='ocrx_word' id='word_1_120' title='bbox 159 1608 280 1672; x_wconf 90' lang='lat' dir='ltr'><strong>cuncta</strong></span> <span class='ocrx_word' id='word_1_121' title='bbox 301 1605 466 1671; x_wconf 78' lang='lat' dir='ltr'><strong>refovente</strong></span> <span class='ocrx_word' id='word_1_122' title='bbox 489 1605 548 1669; x_wconf 90' lang='lat' dir='ltr'><strong>sub</strong></span> <span class='ocrx_word' id='word_1_123' title='bbox 570 1606 673 1670; x_wconf 88' lang='lat' dir='ltr'><strong>tutela</strong></span> <span class='ocrx_word' id='word_1_124' title='bbox 694 1603 861 1669; x_wconf 87' lang='lat' dir='ltr'><strong>Romanae</strong></span> <span class='ocrx_word' id='word_1_125' title='bbox 883 1607 1067 1668; x_wconf 90' lang='lat' dir='ltr'><strong>mansuetu-</strong></span> 
     </span>
     <span class='ocr_line' id='line_1_17' title="bbox 60 1691 802 1778; baseline 0.004 -24"><span class='ocrx_word' id='word_1_126' title='bbox 60 1691 141 1756; x_wconf 89' lang='lat' dir='ltr'><strong>dinis</strong></span> <span class='ocrx_word' id='word_1_127' title='bbox 164 1693 353 1778; x_wconf 80' lang='lat' dir='ltr'><strong>adquiescit</strong></span> <span class='ocrx_word' id='word_1_128' title='bbox 796 1723 802 1727; x_wconf 94' lang='lat'>·</span> 
     </span>
    </p>
   </div>
   <div class='ocr_carea' id='block_1_3' title="bbox 494 1849 634 1917">
    <p class='ocr_par' dir='ltr' id='par_1_3' title="bbox 494 1849 634 1917">
     <span class='ocr_line' id='line_1_18' title="bbox 494 1849 634 1917; baseline -0.014 0"><span class='ocrx_word' id='word_1_129' title='bbox 494 1850 571 1917; x_wconf 76' lang='lat' dir='ltr'><strong>Ona</strong></span> <span class='ocrx_word' id='word_1_130' title='bbox 594 1849 634 1916; x_wconf 89' lang='lat' dir='ltr'><strong>V.</strong></span> 
     </span>
    </p>
   </div>
   <div class='ocr_carea' id='block_1_4' title="bbox 14 1947 1104 3718">
    <p class='ocr_par' dir='ltr' id='par_1_4' title="bbox 14 1947 1104 3718">
     <span class='ocr_line' id='line_1_19' title="bbox 14 1947 1100 2024; baseline 0.003 -3"><span class='ocrx_word' id='word_1_131' title='bbox 14 1947 50 2011; x_wconf 76' lang='lat'><strong>21</strong></span> <span class='ocrx_word' id='word_1_132' title='bbox 145 1956 256 2022; x_wconf 88' lang='lat' dir='ltr'><strong>Isdem</strong></span> <span class='ocrx_word' id='word_1_133' title='bbox 286 1958 386 2022; x_wconf 88' lang='lat' dir='ltr'><strong>ferme</strong></span> <span class='ocrx_word' id='word_1_134' title='bbox 418 1956 530 2021; x_wconf 90' lang='lat' dir='ltr'><strong>diebus</strong></span> <span class='ocrx_word' id='word_1_135' title='bbox 558 1954 654 2020; x_wconf 89' lang='lat' dir='ltr'><strong>Darei</strong></span> <span class='ocrx_word' id='word_1_136' title='bbox 682 1955 808 2019; x_wconf 88' lang='lat' dir='ltr'><strong>litterae</strong></span> <span class='ocrx_word' id='word_1_137' title='bbox 836 1955 962 2019; x_wconf 89' lang='lat' dir='ltr'><strong>adlatae</strong></span> <span class='ocrx_word' id='word_1_138' title='bbox 991 1960 1100 2024; x_wconf 81' lang='lat' dir='ltr'><strong>suntl</strong></span> 
     </span>
     <span class='ocr_line' id='line_1_20' title="bbox 62 2042 1067 2130; baseline 0.002 -24"><span class='ocrx_word' id='word_1_139' title='bbox 62 2044 188 2109; x_wconf 87' lang='lat' dir='ltr'><strong>tandem</strong></span> <span class='ocrx_word' id='word_1_140' title='bbox 212 2049 252 2110; x_wconf 87' lang='lat' dir='ltr'><strong>ut</strong></span> <span class='ocrx_word' id='word_1_141' title='bbox 273 2046 343 2130; x_wconf 89' lang='lat' dir='ltr'><strong>regi</strong></span> <span class='ocrx_word' id='word_1_142' title='bbox 365 2045 512 2129; x_wconf 86' lang='lat' dir='ltr'><strong>scriptae.</strong></span> <span class='ocrx_word' id='word_1_143' title='bbox 546 2044 695 2109; x_wconf 89' lang='lat' dir='ltr'><strong>Petebat:</strong></span> <span class='ocrx_word' id='word_1_144' title='bbox 720 2042 779 2106; x_wconf 72' lang='lat' dir='ltr'><strong>‘uti</strong></span> <span class='ocrx_word' id='word_1_145' title='bbox 801 2042 900 2107; x_wconf 88' lang='lat' dir='ltr'><strong>filiam</strong></span> <span class='ocrx_word' id='word_1_146' title='bbox 923 2066 1067 2108; x_wconf 84' lang='lat' dir='ltr'><strong>suam-</strong></span> 
     </span>
     <span class='ocr_line' id='line_1_21' title="bbox 64 2127 1066 2216; baseline 0.002 -22"><span class='ocrx_word' id='word_1_147' title='bbox 64 2127 196 2198; x_wconf 84' lang='lat' dir='ltr'><strong>Statirae</strong></span> <span class='ocrx_word' id='word_1_148' title='bbox 223 2137 295 2198; x_wconf 84' lang='lat' dir='ltr'><strong>arat</strong></span> <span class='ocrx_word' id='word_1_149' title='bbox 316 2155 435 2198; x_wconf 89' lang='lat' dir='ltr'><strong>nomen</strong></span> <span class='ocrx_word' id='word_1_150' title='bbox 456 2169 501 2180; x_wconf 92' lang='lat'><em>-</em></span> <span class='ocrx_word' id='word_1_151' title='bbox 522 2133 645 2216; x_wconf 90' lang='lat' dir='ltr'><strong>nuptiis</strong></span> <span class='ocrx_word' id='word_1_152' title='bbox 667 2131 850 2196; x_wconf 83' lang='lat' dir='ltr'><strong>Alexander</strong></span> <span class='ocrx_word' id='word_1_153' title='bbox 872 2132 934 2196; x_wconf 91' lang='lat' dir='ltr'><strong>sibi</strong></span> <span class='ocrx_word' id='word_1_154' title='bbox 956 2133 1066 2197; x_wconf 91' lang='lat' dir='ltr'><strong>adiun-</strong></span> 
     </span>
     <span class='ocr_line' id='line_1_22' title="bbox 65 2219 1067 2306; baseline 0.003 -23"><span class='ocrx_word' id='word_1_155' title='bbox 65 2225 162 2302; x_wconf 89' lang='lat' dir='ltr'><strong>geret:</strong></span> <span class='ocrx_word' id='word_1_156' title='bbox 200 2223 310 2286; x_wconf 87' lang='lat' dir='ltr'><strong>dotem</strong></span> <span class='ocrx_word' id='word_1_157' title='bbox 339 2221 453 2286; x_wconf 87' lang='lat' dir='ltr'><strong>offerre</strong></span> <span class='ocrx_word' id='word_1_158' title='bbox 481 2243 607 2286; x_wconf 91' lang='lat' dir='ltr'><strong>omnem</strong></span> <span class='ocrx_word' id='word_1_159' title='bbox 638 2219 804 2306; x_wconf 88' lang='lat' dir='ltr'><strong>regionem</strong></span> <span class='ocrx_word' id='word_1_160' title='bbox 831 2220 918 2284; x_wconf 87' lang='lat' dir='ltr'><strong>inter</strong></span> <span class='ocrx_word' id='word_1_161' title='bbox 943 2219 1067 2286; x_wconf 90' lang='lat' dir='ltr'><strong>Helles-</strong></span> 
     </span>
     <span class='ocr_line' id='line_1_23' title="bbox 64 2307 1067 2393; baseline 0.003 -23"><span class='ocrx_word' id='word_1_162' title='bbox 64 2311 196 2388; x_wconf 89' lang='lat' dir='ltr'><strong>pontum</strong></span> <span class='ocrx_word' id='word_1_163' title='bbox 225 2313 259 2374; x_wconf 87' lang='lat' dir='ltr'><strong>et</strong></span> <span class='ocrx_word' id='word_1_164' title='bbox 284 2309 392 2393; x_wconf 85' lang='lat' dir='ltr'><strong>Halyn</strong></span> <span class='ocrx_word' id='word_1_165' title='bbox 420 2331 546 2374; x_wconf 89' lang='lat' dir='ltr'><strong>amnem</strong></span> <span class='ocrx_word' id='word_1_166' title='bbox 573 2310 681 2393; x_wconf 91' lang='lat' dir='ltr'><strong>sitam,</strong></span> <span class='ocrx_word' id='word_1_167' title='bbox 712 2309 786 2374; x_wconf 90' lang='lat' dir='ltr'><strong>inde</strong></span> <span class='ocrx_word' id='word_1_168' title='bbox 813 2307 969 2374; x_wconf 84' lang='lat' dir='ltr'><strong>orientem</strong></span> <span class='ocrx_word' id='word_1_169' title='bbox 997 2331 1067 2393; x_wconf 90' lang='lat' dir='ltr'><strong>spe-</strong></span> 
     </span>
     <span class='ocr_line' id='line_1_24' title="bbox 66 2395 1101 2481; baseline 0.008 -25"><span class='ocrx_word' id='word_1_170' title='bbox 66 2397 224 2462; x_wconf 89' lang='lat' dir='ltr'><strong>ctantibus</strong></span> <span class='ocrx_word' id='word_1_171' title='bbox 252 2399 345 2462; x_wconf 88' lang='lat' dir='ltr'><strong>terris</strong></span> <span class='ocrx_word' id='word_1_172' title='bbox 372 2401 566 2463; x_wconf 86' lang='lat' dir='ltr'><strong>contentum.</strong></span> <span class='ocrx_word' id='word_1_173' title='bbox 612 2395 646 2462; x_wconf 83' lang='lat' dir='ltr'><strong>Si</strong></span> <span class='ocrx_word' id='word_1_174' title='bbox 671 2398 755 2463; x_wconf 87' lang='lat' dir='ltr'><strong>forte</strong></span> <span class='ocrx_word' id='word_1_175' title='bbox 779 2397 952 2481; x_wconf 88' lang='lat' dir='ltr'><strong>dubitaret,</strong></span> <span class='ocrx_word' id='word_1_176' title='bbox 982 2398 1101 2480; x_wconf 81' lang='lat' dir='ltr'><strong>quoda</strong></span> 
     </span>
     <span class='ocr_line' id='line_1_25' title="bbox 69 2483 1066 2571; baseline 0.005 -26"><span class='ocrx_word' id='word_1_177' title='bbox 69 2483 246 2570; x_wconf 87' lang='lat' dir='ltr'><strong>offerretur,</strong></span> <span class='ocrx_word' id='word_1_178' title='bbox 287 2487 442 2571; x_wconf 86' lang='lat' dir='ltr'><strong>accipere,</strong></span> <span class='ocrx_word' id='word_1_179' title='bbox 481 2507 656 2570; x_wconf 90' lang='lat' dir='ltr'><strong>numquam</strong></span> <span class='ocrx_word' id='word_1_180' title='bbox 691 2486 745 2550; x_wconf 92' lang='lat' dir='ltr'><strong>diu</strong></span> <span class='ocrx_word' id='word_1_181' title='bbox 782 2486 894 2550; x_wconf 88' lang='lat' dir='ltr'><strong>eodem</strong></span> <span class='ocrx_word' id='word_1_182' title='bbox 930 2486 1066 2568; x_wconf 84' lang='lat' dir='ltr'><strong>vestigio</strong></span> 
     </span>
     <span class='ocr_line' id='line_1_26' title="bbox 66 2573 1068 2659; baseline 0.005 -27"><span class='ocrx_word' id='word_1_183' title='bbox 66 2573 146 2637; x_wconf 87' lang='lat' dir='ltr'><strong>stare</strong></span> <span class='ocrx_word' id='word_1_184' title='bbox 171 2574 337 2639; x_wconf 85' lang='lat' dir='ltr'><strong>fortunam</strong></span> <span class='ocrx_word' id='word_1_185' title='bbox 369 2595 554 2659; x_wconf 87' lang='lat' dir='ltr'><strong>semperque</strong></span> <span class='ocrx_word' id='word_1_186' title='bbox 583 2574 742 2658; x_wconf 91' lang='lat' dir='ltr'><strong>homines,</strong></span> <span class='ocrx_word' id='word_1_187' title='bbox 776 2575 1068 2658; x_wconf 88' lang='lat' dir='ltr'><strong>quantamcumque</strong></span> 
     </span>
     <span class='ocr_line' id='line_1_27' title="bbox 65 2655 1069 2747; baseline 0.007 -28"><span class='ocrx_word' id='word_1_188' title='bbox 65 2655 248 2727; x_wconf 81' lang='lat' dir='ltr'><strong>felicitatem</strong></span> <span class='ocrx_word' id='word_1_189' title='bbox 272 2663 427 2747; x_wconf 88' lang='lat' dir='ltr'><strong>habeant,</strong></span> <span class='ocrx_word' id='word_1_190' title='bbox 452 2663 608 2727; x_wconf 88' lang='lat' dir='ltr'><strong>invidiam</strong></span> <span class='ocrx_word' id='word_1_191' title='bbox 634 2665 743 2727; x_wconf 87' lang='lat' dir='ltr'><strong>tamen</strong></span> <span class='ocrx_word' id='word_1_192' title='bbox 766 2660 884 2725; x_wconf 89' lang='lat' dir='ltr'><strong>sentire</strong></span> <span class='ocrx_word' id='word_1_193' title='bbox 906 2660 1069 2726; x_wconf 88' lang='lat' dir='ltr'><strong>maiorem.</strong></span> 
     </span>
     <span class='ocr_line' id='line_1_28' title="bbox 65 2742 1103 2835; baseline 0.01 -27"><span class='ocrx_word' id='word_1_194' title='bbox 65 2742 173 2813; x_wconf 83' lang='lat' dir='ltr'><strong>Vereri</strong></span> <span class='ocrx_word' id='word_1_195' title='bbox 196 2773 240 2835; x_wconf 91' lang='lat' dir='ltr'><strong>se,</strong></span> <span class='ocrx_word' id='word_1_196' title='bbox 261 2773 302 2815; x_wconf 89' lang='lat' dir='ltr'><strong>ne</strong></span> <span class='ocrx_word' id='word_1_197' title='bbox 325 2752 433 2816; x_wconf 83' lang='lat' dir='ltr'><strong>avium</strong></span> <span class='ocrx_word' id='word_1_198' title='bbox 455 2751 560 2834; x_wconf 90' lang='lat' dir='ltr'><strong>modo,</strong></span> <span class='ocrx_word' id='word_1_199' title='bbox 582 2773 661 2834; x_wconf 87' lang='lat' dir='ltr'><strong>quas</strong></span> <span class='ocrx_word' id='word_1_200' title='bbox 683 2749 839 2814; x_wconf 89' lang='lat' dir='ltr'><strong>naturalis</strong></span> <span class='ocrx_word' id='word_1_201' title='bbox 862 2749 976 2813; x_wconf 81' lang='lat' dir='ltr'><strong>levitas</strong></span> <span class='ocrx_word' id='word_1_202' title='bbox 995 2770 1069 2834; x_wconf 87' lang='lat' dir='ltr'><strong>age·</strong></span> <span class='ocrx_word' id='word_1_203' title='bbox 1087 2770 1103 2818; x_wconf 82' lang='lat'><strong>3</strong></span> 
     </span>
     <span class='ocr_line' id='line_1_29' title="bbox 66 2835 1069 2922; baseline 0.005 -25"><span class='ocrx_word' id='word_1_204' title='bbox 66 2837 120 2918; x_wconf 89' lang='lat' dir='ltr'><strong>ret,</strong></span> <span class='ocrx_word' id='word_1_205' title='bbox 142 2838 182 2901; x_wconf 89' lang='lat' dir='ltr'><strong>ad</strong></span> <span class='ocrx_word' id='word_1_206' title='bbox 206 2839 310 2904; x_wconf 87' lang='lat' dir='ltr'><strong>sidera</strong></span> <span class='ocrx_word' id='word_1_207' title='bbox 332 2839 422 2904; x_wconf 88' lang='lat' dir='ltr'><strong>inani</strong></span> <span class='ocrx_word' id='word_1_208' title='bbox 445 2860 482 2904; x_wconf 91' lang='lat' dir='ltr'><strong>ac</strong></span> <span class='ocrx_word' id='word_1_209' title='bbox 504 2839 619 2922; x_wconf 89' lang='lat' dir='ltr'><strong>puerili</strong></span> <span class='ocrx_word' id='word_1_210' title='bbox 640 2841 748 2902; x_wconf 88' lang='lat' dir='ltr'><strong>mente</strong></span> <span class='ocrx_word' id='word_1_211' title='bbox 771 2859 805 2902; x_wconf 88' lang='lat' dir='ltr'><strong>se</strong></span> <span class='ocrx_word' id='word_1_212' title='bbox 826 2835 964 2902; x_wconf 84' lang='lat' dir='ltr'><strong>efferret:</strong></span> <span class='ocrx_word' id='word_1_213' title='bbox 986 2839 1069 2902; x_wconf 88' lang='lat' dir='ltr'><strong>nihil</strong></span> 
     </span>
     <span class='ocr_line' id='line_1_30' title="bbox 68 2920 1068 3012; baseline 0.006 -29"><span class='ocrx_word' id='word_1_214' title='bbox 68 2920 223 2992; x_wconf 80' lang='lat' dir='ltr'><strong>difficilius</strong></span> <span class='ocrx_word' id='word_1_215' title='bbox 247 2949 316 2992; x_wconf 88' lang='lat' dir='ltr'><strong>csse</strong></span> <span class='ocrx_word' id='word_1_216' title='bbox 340 2949 436 3012; x_wconf 90' lang='lat' dir='ltr'><strong>quam</strong></span> <span class='ocrx_word' id='word_1_217' title='bbox 457 2928 493 2992; x_wconf 90' lang='lat' dir='ltr'><strong>in</strong></span> <span class='ocrx_word' id='word_1_218' title='bbox 515 2927 571 2991; x_wconf 89' lang='lat' dir='ltr'><strong>illa</strong></span> <span class='ocrx_word' id='word_1_219' title='bbox 593 2930 697 2991; x_wconf 86' lang='lat' dir='ltr'><strong>aetate</strong></span> <span class='ocrx_word' id='word_1_220' title='bbox 720 2929 845 2990; x_wconf 88' lang='lat' dir='ltr'><strong>tantam</strong></span> <span class='ocrx_word' id='word_1_221' title='bbox 869 2947 981 3010; x_wconf 89' lang='lat' dir='ltr'><strong>capere</strong></span> <span class='ocrx_word' id='word_1_222' title='bbox 1003 2927 1068 2990; x_wconf 87' lang='lat' dir='ltr'><strong>for·</strong></span> 
     </span>
     <span class='ocr_line' id='line_1_31' title="bbox 67 3009 1104 3107; baseline 0.007 -33"><span class='ocrx_word' id='word_1_223' title='bbox 67 3009 184 3107; x_wconf 67' lang='lat' dir='ltr'><strong>tunam.</strong></span> <span class='ocrx_word' id='word_1_224' title='bbox 222 3014 341 3080; x_wconf 89' lang='lat' dir='ltr'><strong>Multas</strong></span> <span class='ocrx_word' id='word_1_225' title='bbox 365 3037 399 3081; x_wconf 91' lang='lat' dir='ltr'><strong>se</strong></span> <span class='ocrx_word' id='word_1_226' title='bbox 422 3015 525 3080; x_wconf 89' lang='lat' dir='ltr'><strong>adhuc</strong></span> <span class='ocrx_word' id='word_1_227' title='bbox 547 3015 698 3098; x_wconf 87' lang='lat' dir='ltr'><strong>reliquias</strong></span> <span class='ocrx_word' id='word_1_228' title='bbox 720 3014 839 3078; x_wconf 88' lang='lat' dir='ltr'><strong>habere</strong></span> <span class='ocrx_word' id='word_1_229' title='bbox 861 3034 921 3077; x_wconf 90' lang='lat' dir='ltr'><strong>nec</strong></span> <span class='ocrx_word' id='word_1_230' title='bbox 944 3034 1104 3097; x_wconf 71' lang='lat' dir='ltr'><strong>semperl</strong></span> 
     </span>
     <span class='ocr_line' id='line_1_32' title="bbox 67 3101 1068 3188; baseline 0.007 -29"><span class='ocrx_word' id='word_1_231' title='bbox 67 3101 147 3163; x_wconf 88' lang='lat' dir='ltr'><strong>mter</strong></span> <span class='ocrx_word' id='word_1_232' title='bbox 177 3105 344 3188; x_wconf 83' lang='lat' dir='ltr'><strong>angustias</strong></span> <span class='ocrx_word' id='word_1_233' title='bbox 374 3125 469 3188; x_wconf 89' lang='lat' dir='ltr'><strong>posse</strong></span> <span class='ocrx_word' id='word_1_234' title='bbox 496 3102 704 3186; x_wconf 89' lang='lat' dir='ltr'><strong>deprehendi:</strong></span> <span class='ocrx_word' id='word_1_235' title='bbox 740 3101 971 3167; x_wconf 88' lang='lat' dir='ltr'><strong>transcundum</strong></span> <span class='ocrx_word' id='word_1_236' title='bbox 999 3123 1068 3166; x_wconf 89' lang='lat' dir='ltr'><strong>csse</strong></span> 
     </span>
     <span class='ocr_line' id='line_1_33' title="bbox 73 3180 1068 3276; baseline 0.006 -28"><span class='ocrx_word' id='word_1_237' title='bbox 73 3180 251 3257; x_wconf 89' lang='lat' dir='ltr'><strong>Alexandro</strong></span> <span class='ocrx_word' id='word_1_238' title='bbox 273 3191 463 3275; x_wconf 84' lang='lat' dir='ltr'><strong>Euphraten</strong></span> <span class='ocrx_word' id='word_1_239' title='bbox 485 3191 670 3276; x_wconf 79' lang='lat' dir='ltr'><strong>Tigrimque</strong></span> <span class='ocrx_word' id='word_1_240' title='bbox 700 3193 733 3254; x_wconf 89' lang='lat' dir='ltr'><strong>et</strong></span> <span class='ocrx_word' id='word_1_241' title='bbox 754 3191 884 3255; x_wconf 85' lang='lat' dir='ltr'><strong>Araxen</strong></span> <span class='ocrx_word' id='word_1_242' title='bbox 909 3193 942 3253; x_wconf 91' lang='lat' dir='ltr'><strong>et</strong></span> <span class='ocrx_word' id='word_1_243' title='bbox 964 3187 1068 3254; x_wconf 82' lang='lat' dir='ltr'><strong>Ohoa·</strong></span> 
     </span>
     <span class='ocr_line' id='line_1_34' title="bbox 71 3278 1068 3365; baseline -0.001 -22"><span class='ocrx_word' id='word_1_244' title='bbox 71 3291 152 3362; x_wconf 67' lang='lat' dir='ltr'><strong>spen,</strong></span> <span class='ocrx_word' id='word_1_245' title='bbox 174 3301 294 3365; x_wconf 89' lang='lat' dir='ltr'><strong>magna</strong></span> <span class='ocrx_word' id='word_1_246' title='bbox 316 3281 516 3344; x_wconf 90' lang='lat' dir='ltr'><strong>munimenta</strong></span> <span class='ocrx_word' id='word_1_247' title='bbox 533 3280 625 3364; x_wconf 90' lang='lat' dir='ltr'><strong>regni</strong></span> <span class='ocrx_word' id='word_1_248' title='bbox 644 3278 704 3343; x_wconf 90' lang='lat' dir='ltr'><strong>sui:</strong></span> <span class='ocrx_word' id='word_1_249' title='bbox 728 3279 920 3345; x_wconf 88' lang='lat' dir='ltr'><strong>veniendum</strong></span> <span class='ocrx_word' id='word_1_250' title='bbox 935 3278 971 3341; x_wconf 91' lang='lat' dir='ltr'><strong>in</strong></span> <span class='ocrx_word' id='word_1_251' title='bbox 984 3299 1068 3342; x_wconf 90' lang='lat' dir='ltr'><strong>cam-</strong></span> 
     </span>
     <span class='ocr_line' id='line_1_35' title="bbox 71 3365 1103 3452; baseline -0.006 -14"><span class='ocrx_word' id='word_1_252' title='bbox 71 3376 137 3447; x_wconf 77' lang='lat' dir='ltr'><strong>POS,</strong></span> <span class='ocrx_word' id='word_1_253' title='bbox 171 3368 228 3433; x_wconf 91' lang='lat' dir='ltr'><strong>ubi</strong></span> <span class='ocrx_word' id='word_1_254' title='bbox 259 3369 421 3452; x_wconf 85' lang='lat' dir='ltr'><strong>paucitate</strong></span> <span class='ocrx_word' id='word_1_255' title='bbox 454 3389 583 3432; x_wconf 91' lang='lat' dir='ltr'><strong>suorum</strong></span> <span class='ocrx_word' id='word_1_256' title='bbox 614 3368 864 3432; x_wconf 87' lang='lat' dir='ltr'><strong>erubescendum</strong></span> <span class='ocrx_word' id='word_1_257' title='bbox 895 3366 946 3430; x_wconf 87' lang='lat' dir='ltr'><strong>sit</strong></span> <span class='ocrx_word' id='word_1_258' title='bbox 998 3365 1103 3433; x_wconf 79' lang='lat' dir='ltr'><strong>Iamo</strong></span> 
     </span>
     <span class='ocr_line' id='line_1_36' title="bbox 71 3441 1068 3540; baseline 0.009 -32"><span class='ocrx_word' id='word_1_259' title='bbox 71 3441 215 3540; x_wconf 86' lang='lat' dir='ltr'><strong>Mediam,</strong></span> <span class='ocrx_word' id='word_1_260' title='bbox 237 3455 444 3540; x_wconf 88' lang='lat' dir='ltr'><strong>Hyrcaniam,</strong></span> <span class='ocrx_word' id='word_1_261' title='bbox 466 3455 585 3520; x_wconf 88' lang='lat' dir='ltr'><strong>Bactra</strong></span> <span class='ocrx_word' id='word_1_262' title='bbox 607 3459 640 3519; x_wconf 89' lang='lat' dir='ltr'><strong>et</strong></span> <span class='ocrx_word' id='word_1_263' title='bbox 661 3455 769 3540; x_wconf 90' lang='lat' dir='ltr'><strong>Indos,</strong></span> <span class='ocrx_word' id='word_1_264' title='bbox 792 3454 912 3520; x_wconf 90' lang='lat' dir='ltr'><strong>Oceani</strong></span> <span class='ocrx_word' id='word_1_265' title='bbox 934 3455 1068 3538; x_wconf 88' lang='lat' dir='ltr'><strong>accolas,</strong></span> 
     </span>
     <span class='ocr_line' id='line_1_37' title="bbox 74 3541 1068 3628; baseline 0.008 -30"><span class='ocrx_word' id='word_1_266' title='bbox 74 3541 192 3614; x_wconf 89' lang='lat' dir='ltr'><strong>quando</strong></span> <span class='ocrx_word' id='word_1_267' title='bbox 220 3545 381 3609; x_wconf 88' lang='lat' dir='ltr'><strong>aditurum</strong></span> <span class='ocrx_word' id='word_1_268' title='bbox 405 3581 447 3592; x_wconf 92' lang='lat'>-</span> <span class='ocrx_word' id='word_1_269' title='bbox 469 3566 511 3608; x_wconf 92' lang='lat' dir='ltr'><strong>ne</strong></span> <span class='ocrx_word' id='word_1_270' title='bbox 534 3542 713 3628; x_wconf 83' lang='lat' dir='ltr'><strong>Sogdianos</strong></span> <span class='ocrx_word' id='word_1_271' title='bbox 736 3548 769 3608; x_wconf 92' lang='lat' dir='ltr'><strong>et</strong></span> <span class='ocrx_word' id='word_1_272' title='bbox 791 3542 985 3608; x_wconf 85' lang='lat' dir='ltr'><strong>Arachosios</strong></span> <span class='ocrx_word' id='word_1_273' title='bbox 1011 3564 1068 3606; x_wconf 93' lang='lat' dir='ltr'><strong>no·</strong></span> 
     </span>
     <span class='ocr_line' id='line_1_38' title="bbox 74 3623 1068 3718; baseline 0.002 -30"><span class='ocrx_word' id='word_1_274' title='bbox 74 3623 184 3693; x_wconf 85' lang='lat' dir='ltr'><strong>minem</strong></span> <span class='ocrx_word' id='word_1_275' title='bbox 207 3637 390 3718; x_wconf 84' lang='lat' dir='ltr'><strong>ceterasque</strong></span> <span class='ocrx_word' id='word_1_276' title='bbox 408 3636 521 3718; x_wconf 86' lang='lat' dir='ltr'><strong>gentes</strong></span> <span class='ocrx_word' id='word_1_277' title='bbox 544 3631 585 3696; x_wconf 91' lang='lat' dir='ltr'><strong>ad</strong></span> <span class='ocrx_word' id='word_1_278' title='bbox 603 3630 781 3697; x_wconf 82' lang='lat' dir='ltr'><strong>Oaucasum</strong></span> <span class='ocrx_word' id='word_1_279' title='bbox 804 3635 837 3695; x_wconf 89' lang='lat' dir='ltr'><strong>et</strong></span> <span class='ocrx_word' id='word_1_280' title='bbox 850 3630 977 3695; x_wconf 75' lang='lat' dir='ltr'><strong>&#39;lanain</strong></span> <span class='ocrx_word' id='word_1_281' title='bbox 998 3649 1068 3713; x_wconf 89' lang='lat' dir='ltr'><strong>per-</strong></span> 
     </span>
    </p>
   </div>
   <div class='ocr_carea' id='block_1_5' title="bbox 0 0 1297 4108">
    <p class='ocr_par' dir='ltr' id='par_1_5' title="bbox 0 0 1297 4108">
     <span class='ocr_line' id='line_1_39' title="bbox 0 0 1297 4108; baseline 0 0"><span class='ocrx_word' id='word_1_282' title='bbox 0 0 1297 4108; x_wconf 95' lang='lat' dir='ltr'><strong> </strong></span> 
     </span>
    </p>
   </div>
  </div>
 </body>
</html>
