2600 4096
233 171 484 226 HISTORIARUM
502 170 715 226 ALEXANDItI
732 171 807 241 VIII,
826 177 850 227 ⁸1.
870 179 895 230 8.
1002 171 1068 237 205
1120 179 1123 186 ’

71 315 115 382 De
131 319 237 381 cetero
260 336 369 401 perae:
392 337 529 400 qnorum
552 315 646 382 orbes
670 320 879 401 senectutem,
901 315 1067 400 suppliciis

70 425 106 468 ne
128 403 317 470 oneraveris.
360 402 430 469 Nos
450 403 524 468 iube
542 403 628 486 duci,
649 407 700 488 ut,
722 406 806 489 quod
828 426 867 469 ex
889 407 947 469 tua
964 408 1068 470 morte

70 492 268 576 petieramus,
284 513 519 576 consequamur
537 513 576 556 ex
594 491 727 558 nostra?
762 491 851 558 Heec
865 491 1068 560 Hermolaus.

469 648 550 715 One.
572 649 662 717 VIII.

31 756 63 821 26
151 754 200 821 At
228 777 298 821 rex:
343 754 464 832 ‘Quam
495 756 580 822 falsa
610 754 703 839 sint',
732 757 852 842 inquIt,
882 756 976 843 ‘quae
1007 757 1102 822 ister

70 844 185 910 tradita
206 865 226 910 a
248 844 407 929 magistro
435 866 492 909 suo
515 844 610 927 dixit,
639 844 798 929 patientia
825 867 897 912 mea
919 846 1069 911 ostendit.

72 931 257 998 Confessum
284 932 369 998 enim
396 933 547 998 ultimum
578 933 704 998 facinus
733 937 843 998 tamen
868 955 933 999 non
965 934 1104 1001 solum‘z

70 1023 133 1106 ipse
166 1022 288 1103 audivi,
321 1021 374 1088 eod
401 1025 438 1085 ut
465 1041 517 1086 vos
548 1021 702 1087 audiretis
734 1023 892 1106 expressi,
926 1044 993 1089 non
1024 1023 1070 1088 in·

71 1110 220 1193 pmdens,
242 1131 314 1174 cum
331 1109 550 1193 permisissem
568 1108 688 1175 latroni
705 1109 781 1176 huie
797 1109 917 1194 dicere,
937 1133 1071 1178 usurum

73 1219 107 1263 ec
132 1197 237 1282 rabie,
267 1219 330 1282 qua
358 1197 531 1280 conpulsus
559 1203 623 1282 est,
649 1201 686 1262 ut
712 1218 777 1280 me,
807 1219 902 1282 quem
928 1201 1071 1283 parentis

73 1286 137 1352 loeo
162 1287 266 1352 colere
288 1285 432 1367 deberet,
455 1284 555 1350 vellet
576 1286 729 1352 occidere.
770 1284 883 1370 Nuper
905 1307 977 1352 eum
999 1310 1072 1371 pro·
1091 1303 1107 1352 1

71 1374 172 1440 cacius
200 1396 235 1441 se
261 1374 297 1438 in
322 1374 494 1440 venatione
521 1374 689 1459 gessisset,
717 1395 807 1439 more
833 1375 941 1459 patrio
970 1379 1004 1440 et
1031 1376 1072 1441 eb

74 1462 304 1548 antiquissimis
334 1461 541 1528 Macedoniae
576 1483 689 1548 regum
725 1466 881 1546 usurpato
919 1464 1073 1548 castigari

73 1573 140 1616 enm
163 1550 253 1616 iussi.
292 1548 364 1615 Hoc
387 1553 420 1615 et
442 1553 571 1634 oportet
591 1551 662 1615 fieri
685 1554 719 1616 et
738 1550 848 1617 ferunt
869 1573 890 1616 a
910 1552 1073 1617 tutoribus

72 1639 198 1724 pupilli,
221 1661 241 1703 a
263 1637 390 1704 maritis
412 1659 541 1722 uxores,
563 1640 664 1704 servis
687 1660 814 1724 quoque
835 1661 953 1723 pueros
975 1640 1071 1705 huius

73 1728 184 1793 aetatis
215 1727 384 1793 verberare
415 1726 627 1792 concedimus.
669 1726 759 1792 Heee
791 1730 841 1793 est
872 1727 1008 1793 saevitia
1037 1727 1107 1793 1114

72 1815 173 1898 ipsum
196 1837 281 1900 mea,
305 1836 402 1900 quam
419 1814 512 1899 inpia
531 1815 626 1880 caede
648 1815 753 1881 voluit
773 1815 894 1881 ulcisci.
930 1815 1016 1882 Nam
1038 1816 1074 1880 in

72 1908 203 1986 ceteros,
230 1903 287 1988 qni
313 1903 395 1968 mlhi
420 1901 613 1986 permittunt
639 1903 689 1968 nti
710 1903 840 1988 ingenio
863 1925 948 1988 meo,
976 1925 1074 1989 quam

73 1993 157 2057 mitis
184 1990 261 2074 sim,
285 2027 323 2038 -
348 2012 412 2056 non
440 1991 599 2076 ignoratis
621 2027 663 2038 —
688 2012 938 2058 commemorare
966 2014 1073 2076 super·

71 2101 203 2145 vacuum
237 2083 295 2145 est
347 2077 522 2144 Hermolao
554 2078 787 2162 parricidarum
819 2080 979 2165 supplicia
1008 2100 1108 2146 nono

72 2169 213 2253 probari,
240 2189 313 2233 eum
345 2167 456 2233 eadem
486 2167 557 2251 ipse
588 2169 753 2252 meruerIt,
784 2168 916 2234 minime
945 2168 1073 2234 hercule

73 2256 220 2323 admiror.
254 2254 341 2320 Nam
358 2277 432 2321 enm
449 2253 695 2321 Parmenionem
716 2261 749 2322 et
766 2256 930 2323 Philotam
953 2258 1074 2342 laudat,

73 2365 145 2409 suae
168 2344 270 2410 servit
291 2365 417 2409 causae.
460 2341 654 2427 Lyncestem
680 2366 756 2410 vero
779 2344 997 2410 Alexandrum
1021 2346 1108 2412 bisc

72 2431 255 2498 insidiatum
281 2432 383 2515 capiti
404 2453 475 2496 meo
503 2431 652 2514 liberavi,
678 2455 789 2498 rursus
817 2435 851 2514 [1
877 2433 1000 2497 duobus
1028 2433 1075 2496 in·

72 2519 205 2604 dicibus]
225 2521 408 2586 convictum
430 2541 490 2604 per
506 2521 682 2586 triennium
698 2525 808 2586 tamen
826 2519 950 2602 distuli,
972 2520 1074 2584 donee

72 2628 126 2674 vos
156 2608 383 2694 postularetis,
413 2611 451 2673 ut
481 2607 611 2672 tandem
643 2608 750 2673 debito
783 2607 940 2692 supplicio
969 2607 1073 2672 scelus

71 2695 180 2762 lueret
225 2697 388 2780 Attalum,
418 2700 590 2780 antequam
616 2718 673 2760 rex
700 2717 817 2780 essem,
846 2695 974 2760 hostem
1000 2717 1108 2766 meor

18 2803 19 2806 ’
73 2785 167 2869 capiti
187 2785 287 2850 fuisse
310 2784 511 2849 meministis.
555 2782 657 2849 Clitus
680 2784 807 2848 utinam
827 2805 894 2849 non
916 2783 1076 2868 coegisset

73 2893 120 2936 me
147 2873 211 2938 sibi
238 2873 347 2938 irascil
375 2872 464 2937 cuius
486 2871 692 2936 temerariam
718 2871 864 2958 linguam
886 2872 1006 2956 probra
1028 2872 1075 2937 di-

74 2962 172 3026 centis
189 2961 270 3026 mihi
288 2964 322 3025 el
340 2960 432 3025 vobis
456 2959 576 3024 diutius
599 2959 675 3043 tuli,
697 2980 794 3044 quam
815 2960 871 3024 ille
889 2959 1002 3025 eadem
1022 2981 1074 3024 me

73 3046 229 3115 dicentem
251 3049 389 3115 tulisset
424 3047 551 3134 Regum
571 3048 748 3132 ducumque
766 3049 937 3114 elementia
953 3070 1020 3114 non
1041 3049 1074 3112 in
1094 3071 1110 3120 8

73 3136 215 3219 ipsorum
238 3137 347 3221 modo,
369 3137 425 3202 sed
448 3137 546 3201 etium
569 3135 602 3200 in
626 3135 771 3220 illorum,
797 3137 853 3221 qui
874 3140 1001 3221 parent,
1028 3137 1075 3201 in-

74 3225 174 3307 geniis
207 3226 272 3291 1111
303 3229 362 3290 est.
415 3222 577 3308 Obsequio
609 3224 805 3308 mitigantur
834 3224 986 3309 imperia:
1019 3224 1076 3289 ubi

74 3332 144 3378 vero
171 3313 353 3379 reverentia
380 3311 517 3378 excessit
543 3311 658 3376 animis
688 3316 721 3377 et
748 3335 874 3378 summa
900 3313 974 3377 imis
1002 3333 1076 3378 con·

32 3391 162 3466 lllundi
182 3402 342 3486 ridemus,
368 3401 402 3466 11
425 3421 505 3483 opus
528 3403 592 3482 est,
618 3403 655 3464 ut
676 3399 743 3466 11111
764 3401 968 3484 repellamus.
1013 3398 1076 3466 Sed
1096 3425 1110 3472 o

75 3489 149 3572 quid
168 3511 227 3576 ego
251 3489 350 3555 mirer
368 3489 467 3553 istum
485 3487 708 3553 crudelitatem
727 3488 808 3554 mihi
826 3489 997 3571 obiecisse,
1022 3491 1076 3572 qui

74 3578 242 3644 avaritiam
256 3577 449 3662 exprobrare
464 3598 560 3641 ausus
579 3576 644 3641 sil?
672 3576 758 3643 Nolo
775 3577 918 3661 singulos
932 3580 1076 3642 vestrum
