2600 4096
251 189 503 246 HISTORIARUM
520 189 733 244 ALEXANDRI
751 189 824 252 Vlll.
843 197 867 245 2.
993 193 1054 256 191

69 335 177 401 fluebat
207 339 334 400 torrens
367 335 483 419 amnis,
514 337 607 420 terga
636 339 730 419 petra
760 335 942 400 claudebat:
974 337 1057 402 hano

69 445 153 488 manu
177 425 322 508 perviam
344 424 468 488 incolae
481 423 642 488 fecerant.
687 421 748 488 Sed
760 424 858 488 aditu
876 446 988 508 specus
1008 447 1057 490 ac·
1075 437 1108 486 21

69 512 137 594 cipit
158 513 276 576 lucem:
300 511 454 575 interiora
474 512 538 575 nisi
560 511 663 576 inlato
681 512 801 576 lumine
819 513 955 577 obscura
973 517 1057 578 sunt.

68 597 232 684 Perpetuus
265 600 427 664 cuniculus
453 600 516 664 iter
542 601 676 682 praebet
702 601 737 664 in
759 621 889 683 campos
911 601 1058 684 ignotum

68 689 121 751 nisi
152 687 322 772 indigenis.
370 691 416 752 At
443 687 640 772 Alexander,
671 709 864 771 quamquam
892 689 1057 774 angustias
1076 701 1112 749 aa

68 777 197 840 naturali
235 776 300 840 situ
331 776 471 840 munitas
501 775 608 840 valida
640 797 737 839 manu
769 777 899 841 barbari
926 778 1059 842 tueban-

69 867 129 944 tur,
153 869 264 928 tamen
288 864 441 928 arietibus
460 864 598 928 admotis
621 865 836 948 munimenta,
859 887 939 948 quae
963 887 1059 930 manu

70 952 206 1016 adiuncta
232 955 337 1035 erant,
360 952 521 1016 concussit
542 951 713 1035 fundisque
736 956 770 1017 et
790 953 921 1036 sagittis
944 975 1060 1038 propu-

70 1040 230 1122 gnantium
252 1040 423 1125 plerosque
446 1040 575 1104 deiecit:
606 1061 685 1125 quos
708 1039 765 1104 ubi
787 1040 948 1124 dispersos
971 1042 1062 1126 fuga·

69 1128 120 1210 vit,
136 1132 246 1193 ruinas
267 1128 539 1192 munimentorum
558 1149 783 1214 supergressus
802 1129 841 1191 ad
860 1133 985 1211 petram
1009 1131 1062 1194 ad·

71 1218 160 1281 movit
183 1217 368 1280 exercituin.
410 1214 561 1281 Oeterum
583 1216 815 1280 interveniebat
837 1216 967 1300 fluvius,
993 1240 1061 1283 coe
1079 1231 1113 1279 aa

71 1306 192 1369 ontibus
215 1305 308 1386 aquis
331 1327 369 1368 ex
393 1304 555 1388 superiore
578 1304 711 1388 fastigio
735 1305 769 1368 in
790 1304 917 1388 vallem,
939 1307 1062 1389 magni-

70 1413 122 1474 que
148 1393 253 1476 operis
283 1392 449 1456 videbatur
477 1397 546 1456 tam
567 1396 695 1457 vastam
717 1393 904 1476 voraginem
927 1395 1062 1477 explere.

70 1477 156 1544 andi
183 1484 294 1545 tamen
316 1482 448 1545 arbores
475 1485 509 1545 et
535 1502 613 1544 saxa
640 1481 770 1564 congeri
796 1482 904 1545 iussit:
933 1481 1060 1564 ingens·
1079 1494 1114 1543 aa

71 1589 122 1651 que
142 1570 300 1633 barbaros
324 1590 437 1651 pavor,
459 1569 554 1633 rudes
573 1569 614 1633 ad
631 1570 712 1633 talia
730 1591 836 1653 opera,
858 1571 1062 1634 concusserat

46 1657 231 1721 texcitatam
254 1657 371 1720 molem
394 1657 502 1721 subito
526 1662 698 1722 cernentes.
740 1656 853 1740 Itaque
875 1678 930 1721 rex
951 1658 991 1721 ad
1010 1657 1061 1721 de·
1079 1669 1116 1718 25

71 1743 214 1810 ditionem
238 1749 328 1809 metu
349 1767 444 1829 posse
467 1745 605 1828 conpelli
627 1750 718 1809 ratus
737 1744 880 1809 Oxarten
899 1744 990 1809 misit
1006 1767 1062 1808 na·

69 1833 157 1896 tionis
184 1834 340 1916 eiusdem,
368 1833 423 1898 sed
450 1833 584 1897 dicionis
612 1855 701 1915 suae,
727 1833 781 1916 qui
811 1833 959 1897 suaderet
981 1832 1062 1917 duci,

69 1924 102 1983 ut
116 1920 255 1985 traderet
273 1925 407 2004 petram.
441 1919 578 1986 Interim
602 1920 642 1984 ad
660 1919 838 2004 augendam
856 1920 1062 1985 formidinem
1081 1936 1116 1985 26

71 2012 100 2071 et
114 2013 214 2073 turres
239 2009 491 2074 admovebantur
514 2014 547 2073 et
571 2031 702 2073 excussa
724 2010 892 2073 tormentis
915 2010 982 2073 tela
1003 2010 1062 2073 mi·

71 2097 185 2162 cabant.
233 2096 347 2180 Itaque
374 2098 527 2162 verticem
556 2101 666 2180 petrae
694 2097 781 2162 omni
809 2096 873 2162 alio
901 2098 1061 2179 praesidio

71 2184 211 2250 damnato
230 2187 422 2269 petiverunt.
458 2184 503 2248 At
517 2184 653 2250 Oxartes
671 2185 834 2269 trepidum
851 2185 1062 2250 diffidentem·
1081 2201 1115 2250 aa

72 2293 125 2354 que
149 2275 243 2339 rebus
272 2275 338 2338 suis
366 2272 582 2338 Sisimithrem
610 2274 715 2356 coepit
741 2273 879 2357 hortari,
906 2278 943 2338 ut
969 2275 1064 2338 fidem

71 2382 156 2442 quam
179 2363 244 2425 vim
266 2359 477 2426 Macedonum
500 2362 614 2425 mallet
635 2362 773 2444 experiri
800 2384 862 2426 neu
885 2365 1064 2427 moraretur

71 2449 300 2515 festinationem
332 2449 462 2514 victoris
490 2452 647 2514 exercitus
675 2451 709 2513 in
736 2448 862 2513 Indiam
890 2450 1062 2512 tendentis:

72 2538 116 2599 cui
145 2539 289 2622 quisquis
319 2541 420 2602 semet
448 2538 590 2621 offerret,
619 2539 654 2602 in
681 2559 773 2602 suum
802 2538 898 2619 caput
925 2536 1062 2598 alienam

73 2625 183 2690 cladem
211 2648 281 2692 esse
308 2648 484 2690 versurum.
532 2625 578 2690 nt
607 2627 677 2709 ipse
709 2624 836 2707 quidem
864 2621 1063 2687 Sisimithres
1083 2639 1117 2689 28

72 2711 256 2780 deditionem
280 2715 455 2778 adnuebat:
477 2717 619 2778 ceterum
639 2717 742 2777 mater
761 2712 932 2794 eademque
951 2712 1065 2776 coniux

73 2803 253 2867 morituram
277 2824 312 2867 se
330 2807 404 2866 ante
423 2802 623 2880 denuntians,
646 2822 744 2885 quam
766 2801 800 2863 in
823 2800 919 2863 ullius
942 2800 1067 2864 veniret

72 2895 270 2975 potestatem,
296 2890 426 2955 barbari
454 2891 597 2954 animum
625 2890 665 2953 ad
689 2887 876 2952 honestiora
899 2909 995 2972 quam
1017 2890 1066 2952 tu·

72 2977 146 3043 tiore
164 2983 366 3044 converterat
383 2979 584 3063 pudebatque
602 2977 764 3041 libertatis
778 2975 881 3039 maius
897 2997 966 3040 esse
981 2974 1067 3059 apud

72 3062 197 3132 feminas
229 3089 325 3152 quam
357 3067 441 3150 apud
472 3067 558 3130 viros
591 3065 740 3148 pretium.
793 3062 906 3148 Itaque
934 3065 1065 3128 dimisso
1084 3083 1121 3131 aa

73 3151 260 3220 internuntio
275 3155 364 3240 pacis
379 3154 579 3219 obsidionem
592 3154 675 3217 ferre
694 3153 887 3217 decreverat.
917 3150 979 3217 Sed
994 3174 1066 3216 cum

73 3237 164 3308 hostis
184 3245 268 3308 vires
288 3264 425 3328 suasque
443 3247 602 3326 pensaret,
620 3263 731 3305 rursus
750 3241 917 3305 muliebris
932 3240 1066 3322 consilii,

76 3333 148 3411 quod
164 3353 320 3416 praeceps
344 3332 448 3416 magis
469 3352 564 3414 quam
581 3329 797 3394 necessarium
815 3350 885 3392 esse
907 3328 1067 3411 credebat,

74 3421 226 3498 paenitere
260 3442 332 3484 euni
365 3419 481 3503 coepit.
530 3417 755 3502 Revocatoque
787 3421 916 3481 strenue
948 3415 1067 3480 Oxarte
1086 3435 1122 3484 30

74 3503 205 3572 futurum
234 3531 268 3574 se
291 3510 326 3572 in
347 3507 434 3592 regis
456 3510 651 3590 potestatem
673 3506 853 3589 respondit,
878 3525 977 3568 unum
999 3524 1068 3587 pre-

18 3603 19 3612 ’
74 3598 168 3679 catus,
193 3619 233 3662 ne
262 3597 465 3662 voluntatem
493 3600 526 3660 et
553 3595 722 3660 consilium
750 3593 963 3657 matrissuae
995 3612 1067 3671 pro·
