2600 4096
175 131 237 196 182
542 132 573 198 Q.
592 129 701 186 cuum
718 128 805 184 RUFI

124 290 154 338 12
173 297 232 341 nos
252 298 272 340 a
292 275 384 341 vobis
403 279 597 342 convertam.
636 274 819 338 Praemium
839 274 901 338 erit
918 273 960 358 ei,
979 273 1035 358 qui
1052 272 1181 356 primus

175 363 379 448 occupaverit
405 363 571 446 verticem,
603 362 728 428 talenta
749 380 787 447 x,
814 383 877 426 uno
901 362 1007 426 minus
1031 361 1182 445 accipiet,

176 453 230 536 qui
252 453 413 536 proximus
436 453 466 516 ei
488 452 619 534 venerit,
643 450 815 533 eademque
837 449 878 514 cd
900 449 1008 515 decem
1030 450 1180 515 homines

176 541 356 605 servabitur
378 541 495 624 portio.
540 538 670 605 Certum
690 544 797 603 autem
818 539 921 604 habeo
940 559 998 602 vos
1020 559 1086 602 non
1108 541 1181 601 tam

124 643 156 691 13
174 629 404 694 liberalitatem
430 627 550 692 intueri
576 649 694 712 meam,
725 648 821 710 quam
847 624 1066 691 voluntatem?
1115 625 1180 690 His
1191 627 1239 691 42

176 716 292 781 animis
310 737 419 800 regem
439 717 616 800 audierunt,
637 719 674 780 ut
695 715 760 779 iam
779 715 902 797 cepisse
920 714 1073 780 verticem
1092 714 1181 778 vide-

175 808 298 868 rentur:
320 804 506 887 dimissique
528 804 648 868 ferreos
667 824 793 886 cuneos,
815 825 895 886 quos
917 803 1001 867 inter
1023 824 1102 866 saxa
1123 802 1180 866 de·

125 907 157 955 14
175 892 325 977 figerent,
343 893 529 976 validosque
547 892 638 956 funes
656 891 825 976 parabant.
859 889 929 954 Rex
946 890 1181 956 circumvectus

175 983 311 1065 petram,
334 1001 397 1064 qua
419 982 551 1045 minime
574 1002 668 1064 asper
690 1002 727 1044 ac
749 982 940 1063 praeruptus
963 978 1069 1042 aditus
1089 979 1181 1043 vide·

175 1069 285 1151 batur,
317 1068 454 1134 secunda
481 1069 606 1152 vigilia,
638 1068 722 1152 quod
755 1068 835 1131 bene
867 1069 1019 1148 verteret,
1050 1067 1181 1150 ingredi

177 1157 275 1222 iubet
311 1154 366 1220 Illi
385 1157 547 1221 alimentis
570 1157 604 1220 in
625 1157 757 1220 biduum
781 1156 918 1238 sumptis
941 1154 1058 1239 gladiis
1080 1155 1180 1220 modo

124 1259 157 1308 15
177 1247 272 1328 atque
294 1243 398 1309 hastis
417 1246 533 1309 armati
556 1245 663 1310 subire
683 1247 865 1327 coeperunt.
900 1241 950 1308 Ac
966 1244 1071 1326 primo
1089 1243 1181 1326 pedi·

176 1333 237 1398 bus
264 1333 402 1418 ingressi
425 1338 511 1398 sunt:
539 1333 651 1398 deinde
673 1337 710 1397 ut
736 1333 770 1396 in
792 1335 966 1416 praerupta
987 1336 1183 1414 perventum

176 1424 240 1506 est,
270 1421 327 1486 alii
357 1422 506 1486 manibus
538 1422 712 1503 eminentia
743 1442 821 1484 saxa
852 1421 999 1506 conplexi
1030 1419 1182 1485 levavere

176 1513 291 1593 semet,
323 1509 380 1574 alii
407 1509 540 1574 adiectis
566 1510 690 1574 funium
716 1508 839 1592 laqueis
866 1530 1009 1586 evasere,
1037 1508 1183 1592 quidam,

176 1619 248 1663 cum
278 1619 393 1663 cuneos
421 1599 506 1662 inter
529 1620 606 1662 saxa
629 1597 804 1681 defigerent
825 1601 861 1661 ut
882 1595 1012 1681 gradus,
1043 1597 1182 1662 subinde

176 1687 248 1770 quis
271 1686 466 1751 insisterent
511 1685 606 1750 Diem
624 1685 708 1750 inter
730 1688 851 1750 metum
874 1685 1080 1769 laboremque
1104 1707 1182 1749 con-

126 1791 157 1838 lo
176 1778 390 1860 sumpserunt.
438 1775 500 1838 Per
532 1796 645 1858 aspera
675 1773 755 1838 nisis
787 1773 917 1838 duriora
947 1774 1114 1837 restabant
1146 1777 1183 1838 et

176 1885 317 1928 erescere
345 1863 482 1927 altitudo
508 1867 620 1946 petrae
642 1862 819 1927 videbatur.
862 1860 925 1925 illa
946 1882 1021 1925 vero
1045 1862 1181 1925 misera·

175 1951 252 2015 bilis
270 1955 340 2015 erat
357 1951 469 2036 facies,
492 1973 564 2016 cum
581 1951 618 2034 ii,
641 1972 719 2033 quos
737 1949 900 2013 instabilis
919 1948 1037 2030 gradus
1056 1948 1183 2013 fefelle-

176 2041 240 2120 rat,
271 2059 310 2102 ex
340 2039 508 2123 praecipiti
540 2039 797 2104 devolverentur:
832 2059 907 2102 mox
940 2037 1051 2101 eadem
1079 2038 1115 2102 in
1144 2059 1182 2103 se

128 2139 157 2192 17
175 2125 329 2208 patienda
351 2126 447 2190 alieni
471 2149 562 2192 casus
585 2127 774 2192 ostendebat
797 2125 984 2209 exemplum.
1028 2125 1089 2189 Per
1116 2125 1183 2191 has

155 2218 285 2304 ‘tamen
307 2213 514 2278 difficultates
538 2215 703 2278 enituntur
725 2215 759 2277 in
780 2213 934 2278 verticem
956 2213 1089 2298 montis,
1112 2235 1184 2278 orn·

175 2322 234 2366 nes
251 2301 443 2386 fatigatione
462 2303 640 2367 continuati
658 2303 779 2367 laboris
799 2301 925 2385 adfecti,
948 2301 1077 2386 quidam
1096 2303 1184 2368 mul·

177 2390 241 2476 eati
262 2393 355 2474 parte
378 2390 607 2475 membrorum,
630 2392 810 2473 pariterque
834 2412 887 2454 eos
911 2394 943 2452 et
960 2412 1024 2455 nox
1043 2394 1076 2454 et
1095 2411 1183 2455 som·

125 2490 158 2542 18
176 2500 236 2544 nus
265 2479 433 2563 oppressit
478 2477 595 2543 Stratis
618 2479 739 2562 passim
760 2477 946 2561 corporibus
969 2478 1005 2542 in
1025 2478 1120 2543 inviis
1145 2481 1184 2544 et

177 2569 299 2653 asperis
318 2590 467 2633 saxorum
486 2567 620 2651 periculi
638 2567 788 2631 instantis
803 2566 897 2630 obliti
915 2567 949 2630 in
967 2566 1072 2631 lucem
1089 2565 1182 2650 quie·
1298 2579 1299 2586 ’

176 2661 302 2721 verunt:
325 2657 529 2740 tandemque,
552 2656 642 2720 velut
664 2677 703 2719 ex
726 2654 792 2719 alto
815 2675 930 2737 sopore
953 2654 1098 2738 excitati,
1124 2676 1182 2718 oc·
1298 2703 1299 2722 1

177 2744 279 2808 cultas
311 2745 533 2828 subiectasque
559 2744 639 2826 ipsis
666 2743 767 2808 valles
793 2743 960 2826 rimantes,
992 2743 1111 2827 ignari,
1142 2743 1183 2808 in

178 2853 241 2916 qua
274 2842 367 2914 parte
398 2836 508 2915 petrae
538 2835 630 2897 tanta
665 2831 714 2896 vis
750 2831 892 2895 hostium
923 2830 1053 2895 condita
1084 2835 1185 2916 esset,
1298 2871 1299 2918 3

125 2933 158 2980 19
176 2920 301 2984 fumum
324 2941 418 3002 specu
435 2920 521 2984 infra
544 2942 578 2984 se
596 2921 684 3004 ipsos
703 2919 943 2984 evolutumt
885 2941 926 2983 no
928 2923 1087 2985 t.everunt
1125 2917 1184 2984 Ex
1298 2923 1299 2936 ¹

177 3030 239 3093 quo
263 3008 473 3092 intellectum,
494 3009 587 3072 illam
610 3007 751 3072 hostium
773 3007 930 3071 latebram
949 3029 1020 3079 esso
1062 3007 1183 3090 Itaque
1298 3017 1299 3062 ἶ

176 3095 307 3162 hastis
298 3117 475 3180 mposuere,
493 3096 578 3199 quod
597 3099 796 3247 convenerat,
812 3095 950 3181 signum.
989 3095 1135 3180 Totoque
1162 3118 1182 3160 e
1298 3091 1299 3164 1

124 3197 159 3247 1ο
176 3205 308 3250 numero
327 3203 353 3248 11
367 3187 399 3247 et
411 3201 485 3248 xxx
502 3185 537 3248 in
555 3206 686 3249 ascensu
702 3184 751 3247 int
753 3184 849 3248 erisse
867 3185 1076 3270 adgnoscunt
1106 3182 1181 3249 Rex
1192 3184 1299 3250 43

177 3294 242 3337 non
269 3272 414 3356 cupidine
442 3274 546 3358 magis
569 3277 625 3355 pot
611 3273 715 3336 tiundi
738 3272 813 3355 loci,
840 3294 935 3356 quam
961 3273 1030 3336 vice
1058 3293 1182 3356 eorum,

178 3382 258 3446 quos
281 3362 354 3425 adt
340 3365 407 3426 tam
425 3361 632 3424 manifestum
650 3360 826 3444 periculum
849 3359 994 3444 miserat,
1018 3360 1138 3426 sollicit
1138 3383 1180 3425 us
1298 3375 1299 3392 ¹

179 3453 246 3514 toto
270 3448 321 3514 die
344 3449 510 3514 cacumina
532 3449 651 3514 montis
674 3449 801 3512 intuens
823 3449 952 3513 restitit
996 3446 1104 3513 Noctu
1126 3448 1182 3513 de·

177 3560 278 3622 mum,
302 3560 372 3603 eum
391 3544 570 3603 obscuritas
589 3541 794 3620 conspectum
812 3536 978 3602 oculorum
998 3537 1181 3621 ademisset,
