<?xml version="1.0" encoding="UTF-8"?>
<!DOCTYPE html PUBLIC "-//W3C//DTD XHTML 1.0 Transitional//EN"
    "http://www.w3.org/TR/xhtml1/DTD/xhtml1-transitional.dtd">
<html xmlns="http://www.w3.org/1999/xhtml" xml:lang="en" lang="en">
 <head>
  <title>
</title>
<meta http-equiv="Content-Type" content="text/html;charset=utf-8" />
  <meta name='ocr-system' content='tesseract 3.04.00' />
  <meta name='ocr-capabilities' content='ocr_page ocr_carea ocr_par ocr_line ocrx_word'/>
</head>
<body>
  <div class='ocr_page' id='page_1' title='image "./qcurtirufihisto04rufugoog_0168.png"; bbox 0 0 2582 4098; ppageno 0'>
   <div class='ocr_carea' id='block_1_1' title="bbox 196 170 830 239">
    <p class='ocr_par' dir='ltr' id='par_1_1' title="bbox 196 170 830 239">
     <span class='ocr_line' id='line_1_1' title="bbox 196 170 830 239; baseline -0.003 -12"><span class='ocrx_word' id='word_1_1' title='bbox 196 174 260 239; x_wconf 85' lang='grc'><strong>136</strong></span> <span class='ocrx_word' id='word_1_2' title='bbox 566 170 597 237; x_wconf 77' lang='lat' dir='ltr'><strong>Q.</strong></span> <span class='ocrx_word' id='word_1_3' title='bbox 617 171 727 227; x_wconf 84' lang='lat' dir='ltr'>CURTI</span> <span class='ocrx_word' id='word_1_4' title='bbox 743 172 830 228; x_wconf 82' lang='lat' dir='ltr'>RUFI</span> 
     </span>
    </p>
   </div>
   <div class='ocr_carea' id='block_1_2' title="bbox 143 314 1281 3046">
    <p class='ocr_par' dir='ltr' id='par_1_2' title="bbox 143 314 1281 3046">
     <span class='ocr_line' id='line_1_2' title="bbox 144 314 1218 403; baseline -0.002 -19"><span class='ocrx_word' id='word_1_5' title='bbox 144 340 176 390; x_wconf 73' lang='grc' dir='ltr'><strong>ιτ</strong></span> <span class='ocrx_word' id='word_1_6' title='bbox 195 341 245 402; x_wconf 92' lang='lat' dir='ltr'><strong>eo,</strong></span> <span class='ocrx_word' id='word_1_7' title='bbox 262 340 357 403; x_wconf 91' lang='lat' dir='ltr'><strong>quem</strong></span> <span class='ocrx_word' id='word_1_8' title='bbox 371 318 589 400; x_wconf 85' lang='lat' dir='ltr'><strong>damnaverat,</strong></span> <span class='ocrx_word' id='word_1_9' title='bbox 607 316 770 381; x_wconf 73' lang='lat' dir='ltr'><strong>sustinuit.</strong></span> <span class='ocrx_word' id='word_1_10' title='bbox 802 314 946 382; x_wconf 87' lang='lat' dir='ltr'><strong>Secunda</strong></span> <span class='ocrx_word' id='word_1_11' title='bbox 959 315 1073 382; x_wconf 91' lang='lat' dir='ltr'><strong>deinde</strong></span> <span class='ocrx_word' id='word_1_12' title='bbox 1086 317 1218 402; x_wconf 84' lang='lat' dir='ltr'><strong>vigilia</strong></span> 
     </span>
     <span class='ocr_line' id='line_1_3' title="bbox 196 404 1217 489; baseline -0.003 -16"><span class='ocrx_word' id='word_1_13' title='bbox 196 407 372 472; x_wconf 86' lang='lat' dir='ltr'><strong>luminibus</strong></span> <span class='ocrx_word' id='word_1_14' title='bbox 396 405 544 470; x_wconf 79' lang='lat' dir='ltr'><strong>extinctis</strong></span> <span class='ocrx_word' id='word_1_15' title='bbox 567 426 639 469; x_wconf 92' lang='lat' dir='ltr'><strong>cum</strong></span> <span class='ocrx_word' id='word_1_16' title='bbox 662 404 773 487; x_wconf 90' lang='lat' dir='ltr'><strong>paucis</strong></span> <span class='ocrx_word' id='word_1_17' title='bbox 796 405 831 469; x_wconf 92' lang='lat' dir='ltr'><strong>in</strong></span> <span class='ocrx_word' id='word_1_18' title='bbox 852 405 974 489; x_wconf 88' lang='lat' dir='ltr'><strong>regiam</strong></span> <span class='ocrx_word' id='word_1_19' title='bbox 998 409 1122 470; x_wconf 90' lang='lat' dir='ltr'><strong>coeunt</strong></span> <span class='ocrx_word' id='word_1_20' title='bbox 1148 404 1217 470; x_wconf 90' lang='lat' dir='ltr'><strong>He-</strong></span> 
     </span>
     <span class='ocr_line' id='line_1_4' title="bbox 195 490 1214 581; baseline -0.002 -21"><span class='ocrx_word' id='word_1_21' title='bbox 195 495 366 581; x_wconf 86' lang='lat' dir='ltr'><strong>phaestion</strong></span> <span class='ocrx_word' id='word_1_22' title='bbox 393 498 427 558; x_wconf 90' lang='lat' dir='ltr'><strong>et</strong></span> <span class='ocrx_word' id='word_1_23' title='bbox 454 490 605 557; x_wconf 81' lang='lat' dir='ltr'><strong>Craterus</strong></span> <span class='ocrx_word' id='word_1_24' title='bbox 634 496 667 557; x_wconf 94' lang='lat' dir='ltr'><strong>et</strong></span> <span class='ocrx_word' id='word_1_25' title='bbox 693 490 819 558; x_wconf 78' lang='lat' dir='ltr'><strong>Coenus</strong></span> <span class='ocrx_word' id='word_1_26' title='bbox 847 496 880 558; x_wconf 91' lang='lat' dir='ltr'><strong>et</strong></span> <span class='ocrx_word' id='word_1_27' title='bbox 901 493 1069 579; x_wconf 81' lang='lat' dir='ltr'><strong>Erigyius,</strong></span> <span class='ocrx_word' id='word_1_28' title='bbox 1099 493 1144 558; x_wconf 90' lang='lat' dir='ltr'><strong>hi</strong></span> <span class='ocrx_word' id='word_1_29' title='bbox 1175 515 1214 558; x_wconf 89' lang='lat' dir='ltr'><strong>ex</strong></span> 
     </span>
     <span class='ocr_line' id='line_1_5' title="bbox 196 580 1217 666; baseline -0.003 -17"><span class='ocrx_word' id='word_1_30' title='bbox 196 584 323 666; x_wconf 89' lang='lat' dir='ltr'><strong>amicis,</strong></span> <span class='ocrx_word' id='word_1_31' title='bbox 350 603 389 648; x_wconf 89' lang='lat' dir='ltr'><strong>ex</strong></span> <span class='ocrx_word' id='word_1_32' title='bbox 416 581 583 665; x_wconf 80' lang='lat' dir='ltr'><strong>armigeris</strong></span> <span class='ocrx_word' id='word_1_33' title='bbox 611 584 719 646; x_wconf 89' lang='lat' dir='ltr'><strong>autem</strong></span> <span class='ocrx_word' id='word_1_34' title='bbox 745 580 913 646; x_wconf 79' lang='lat' dir='ltr'><strong>Perdiccas</strong></span> <span class='ocrx_word' id='word_1_35' title='bbox 945 585 978 646; x_wconf 89' lang='lat' dir='ltr'><strong>et</strong></span> <span class='ocrx_word' id='word_1_36' title='bbox 1005 581 1217 647; x_wconf 88' lang='lat' dir='ltr'><strong>Leonnatus.</strong></span> 
     </span>
     <span class='ocr_line' id='line_1_6' title="bbox 195 669 1218 754; baseline -0.001 -17"><span class='ocrx_word' id='word_1_37' title='bbox 195 672 258 738; x_wconf 90' lang='lat' dir='ltr'><strong>Per</strong></span> <span class='ocrx_word' id='word_1_38' title='bbox 276 672 335 736; x_wconf 90' lang='lat' dir='ltr'><strong>hos</strong></span> <span class='ocrx_word' id='word_1_39' title='bbox 355 671 560 753; x_wconf 90' lang='lat' dir='ltr'><strong>imperatum,</strong></span> <span class='ocrx_word' id='word_1_40' title='bbox 578 671 627 751; x_wconf 93' lang='lat' dir='ltr'><strong>ut,</strong></span> <span class='ocrx_word' id='word_1_41' title='bbox 646 669 702 752; x_wconf 91' lang='lat' dir='ltr'><strong>qui</strong></span> <span class='ocrx_word' id='word_1_42' title='bbox 719 670 763 734; x_wconf 81' lang='lat' dir='ltr'><strong>ad</strong></span> <span class='ocrx_word' id='word_1_43' title='bbox 778 671 975 752; x_wconf 91' lang='lat' dir='ltr'><strong>praetorium</strong></span> <span class='ocrx_word' id='word_1_44' title='bbox 989 671 1218 754; x_wconf 78' lang='lat' dir='ltr'><strong>excubabant,</strong></span> 
     </span>
     <span class='ocr_line' id='line_1_7' title="bbox 145 756 1217 842; baseline -0.005 -13"><span class='ocrx_word' id='word_1_45' title='bbox 145 781 177 830; x_wconf 84' lang='lat'><strong>18</strong></span> <span class='ocrx_word' id='word_1_46' title='bbox 196 759 313 825; x_wconf 86' lang='lat' dir='ltr'><strong>armati</strong></span> <span class='ocrx_word' id='word_1_47' title='bbox 331 758 514 841; x_wconf 81' lang='lat' dir='ltr'><strong>vigilarent.</strong></span> <span class='ocrx_word' id='word_1_48' title='bbox 545 756 614 821; x_wconf 93' lang='lat' dir='ltr'><strong>Iam</strong></span> <span class='ocrx_word' id='word_1_49' title='bbox 633 757 674 820; x_wconf 91' lang='lat' dir='ltr'><strong>ad</strong></span> <span class='ocrx_word' id='word_1_50' title='bbox 692 778 802 822; x_wconf 90' lang='lat' dir='ltr'><strong>omnes</strong></span> <span class='ocrx_word' id='word_1_51' title='bbox 821 757 926 822; x_wconf 90' lang='lat' dir='ltr'><strong>aditus</strong></span> <span class='ocrx_word' id='word_1_52' title='bbox 945 758 1096 842; x_wconf 78' lang='lat' dir='ltr'><strong>dispositi</strong></span> <span class='ocrx_word' id='word_1_53' title='bbox 1112 763 1217 824; x_wconf 89' lang='lat' dir='ltr'><strong>erant</strong></span> 
     </span>
     <span class='ocr_line' id='line_1_8' title="bbox 196 845 1215 932; baseline 0 -20"><span class='ocrx_word' id='word_1_54' title='bbox 196 848 334 932; x_wconf 82' lang='lat' dir='ltr'><strong>equites,</strong></span> <span class='ocrx_word' id='word_1_55' title='bbox 355 846 475 911; x_wconf 91' lang='lat' dir='ltr'><strong>itinera</strong></span> <span class='ocrx_word' id='word_1_56' title='bbox 492 866 619 929; x_wconf 88' lang='lat' dir='ltr'><strong>quoque</strong></span> <span class='ocrx_word' id='word_1_57' title='bbox 638 845 783 910; x_wconf 90' lang='lat' dir='ltr'><strong>obsidere</strong></span> <span class='ocrx_word' id='word_1_58' title='bbox 801 845 894 929; x_wconf 88' lang='lat' dir='ltr'><strong>iussi,</strong></span> <span class='ocrx_word' id='word_1_59' title='bbox 914 847 1044 930; x_wconf 91' lang='lat' dir='ltr'><strong>nequis</strong></span> <span class='ocrx_word' id='word_1_60' title='bbox 1064 847 1108 911; x_wconf 90' lang='lat' dir='ltr'><strong>ad</strong></span> <span class='ocrx_word' id='word_1_61' title='bbox 1129 846 1215 912; x_wconf 86' lang='lat' dir='ltr'><strong>Par-</strong></span> 
     </span>
     <span class='ocr_line' id='line_1_9' title="bbox 195 932 1280 1020; baseline 0 -20"><span class='ocrx_word' id='word_1_62' title='bbox 195 936 391 1019; x_wconf 91' lang='lat' dir='ltr'><strong>menionem,</strong></span> <span class='ocrx_word' id='word_1_63' title='bbox 409 934 551 1017; x_wconf 89' lang='lat' dir='ltr'><strong>quitum</strong></span> <span class='ocrx_word' id='word_1_64' title='bbox 569 932 695 997; x_wconf 90' lang='lat' dir='ltr'><strong>Mediae</strong></span> <span class='ocrx_word' id='word_1_65' title='bbox 713 934 902 1019; x_wconf 81' lang='lat' dir='ltr'><strong>magnisque</strong></span> <span class='ocrx_word' id='word_1_66' title='bbox 923 935 1024 1018; x_wconf 86' lang='lat' dir='ltr'><strong>copiis</strong></span> <span class='ocrx_word' id='word_1_67' title='bbox 1041 940 1217 1019; x_wconf 72' lang='lat' dir='ltr'><strong>praeerat,</strong></span> <span class='ocrx_word' id='word_1_68' title='bbox 1279 1012 1280 1020; x_wconf 8' lang='grc' dir='ltr'>ἵ</span> 
     </span>
     <span class='ocr_line' id='line_1_10' title="bbox 145 1021 1281 1092; baseline -0.004 0"><span class='ocrx_word' id='word_1_69' title='bbox 145 1044 177 1092; x_wconf 81' lang='lat' dir='ltr'><strong>ra</strong></span> <span class='ocrx_word' id='word_1_70' title='bbox 197 1023 342 1088; x_wconf 90' lang='lat' dir='ltr'><strong>occultus</strong></span> <span class='ocrx_word' id='word_1_71' title='bbox 366 1022 522 1087; x_wconf 85' lang='lat' dir='ltr'><strong>evaderet.</strong></span> <span class='ocrx_word' id='word_1_72' title='bbox 557 1021 729 1086; x_wconf 86' lang='lat' dir='ltr'><strong>Atharrias</strong></span> <span class='ocrx_word' id='word_1_73' title='bbox 753 1026 861 1087; x_wconf 90' lang='lat' dir='ltr'><strong>autem</strong></span> <span class='ocrx_word' id='word_1_74' title='bbox 884 1044 956 1087; x_wconf 91' lang='lat' dir='ltr'><strong>curn</strong></span> <span class='ocrx_word' id='word_1_75' title='bbox 979 1039 1042 1088; x_wconf 86' lang='lat' dir='ltr'><strong>ccc</strong></span> <span class='ocrx_word' id='word_1_76' title='bbox 1066 1025 1216 1088; x_wconf 88' lang='lat' dir='ltr'><strong>armatis</strong></span> <span class='ocrx_word' id='word_1_77' title='bbox 1279 1060 1281 1077; x_wconf 63' lang='grc' dir='ltr'>ι</span> 
     </span>
     <span class='ocr_line' id='line_1_11' title="bbox 195 1109 1213 1196; baseline 0.001 -20"><span class='ocrx_word' id='word_1_78' title='bbox 195 1113 372 1176; x_wconf 79' lang='lat' dir='ltr'><strong>intrauerat</strong></span> <span class='ocrx_word' id='word_1_79' title='bbox 385 1110 522 1196; x_wconf 88' lang='lat' dir='ltr'><strong>regiam:</strong></span> <span class='ocrx_word' id='word_1_80' title='bbox 536 1109 611 1174; x_wconf 91' lang='lat' dir='ltr'><strong>huic</strong></span> <span class='ocrx_word' id='word_1_81' title='bbox 629 1110 738 1174; x_wconf 90' lang='lat' dir='ltr'><strong>decem</strong></span> <span class='ocrx_word' id='word_1_82' title='bbox 751 1111 909 1176; x_wconf 88' lang='lat' dir='ltr'><strong>satellites</strong></span> <span class='ocrx_word' id='word_1_83' title='bbox 922 1111 1109 1195; x_wconf 87' lang='lat' dir='ltr'><strong>traduntur,</strong></span> <span class='ocrx_word' id='word_1_84' title='bbox 1129 1133 1213 1195; x_wconf 78' lang='lat' dir='ltr'><strong>quo</strong></span> 
     </span>
     <span class='ocr_line' id='line_1_12' title="bbox 146 1197 1213 1283; baseline -0.004 -15"><span class='ocrx_word' id='word_1_85' title='bbox 146 1219 182 1268; x_wconf 74' lang='lat' dir='ltr'><strong>ro</strong></span> <span class='ocrx_word' id='word_1_86' title='bbox 199 1221 271 1265; x_wconf 90' lang='lat' dir='ltr'><strong>rum</strong></span> <span class='ocrx_word' id='word_1_87' title='bbox 290 1199 436 1283; x_wconf 88' lang='lat' dir='ltr'><strong>singulos</strong></span> <span class='ocrx_word' id='word_1_88' title='bbox 460 1199 534 1263; x_wconf 89' lang='lat' dir='ltr'><strong>deni</strong></span> <span class='ocrx_word' id='word_1_89' title='bbox 553 1198 704 1282; x_wconf 80' lang='lat' dir='ltr'><strong>armigeri</strong></span> <span class='ocrx_word' id='word_1_90' title='bbox 727 1199 950 1282; x_wconf 85' lang='lat' dir='ltr'><strong>sequebantur.</strong></span> <span class='ocrx_word' id='word_1_91' title='bbox 988 1197 1034 1262; x_wconf 88' lang='lat' dir='ltr'><strong>Hi</strong></span> <span class='ocrx_word' id='word_1_92' title='bbox 1051 1198 1093 1264; x_wconf 91' lang='lat' dir='ltr'><strong>ad</strong></span> <span class='ocrx_word' id='word_1_93' title='bbox 1124 1200 1213 1264; x_wconf 90' lang='lat' dir='ltr'><strong>alios</strong></span> 
     </span>
     <span class='ocr_line' id='line_1_13' title="bbox 199 1286 1214 1370; baseline -0.001 -17"><span class='ocrx_word' id='word_1_94' title='bbox 199 1288 381 1354; x_wconf 89' lang='lat' dir='ltr'><strong>coniuratos</strong></span> <span class='ocrx_word' id='word_1_95' title='bbox 401 1286 702 1370; x_wconf 88' lang='lat' dir='ltr'><strong>conprehendendos</strong></span> <span class='ocrx_word' id='word_1_96' title='bbox 726 1287 891 1352; x_wconf 89' lang='lat' dir='ltr'><strong>distributi</strong></span> <span class='ocrx_word' id='word_1_97' title='bbox 909 1290 996 1352; x_wconf 91' lang='lat' dir='ltr'><strong>sunt:</strong></span> <span class='ocrx_word' id='word_1_98' title='bbox 1026 1287 1214 1352; x_wconf 87' lang='lat' dir='ltr'><strong>Atharrias</strong></span> 
     </span>
     <span class='ocr_line' id='line_1_14' title="bbox 196 1373 1213 1442; baseline -0.002 0"><span class='ocrx_word' id='word_1_99' title='bbox 196 1399 268 1442; x_wconf 91' lang='lat' dir='ltr'><strong>cum</strong></span> <span class='ocrx_word' id='word_1_100' title='bbox 299 1375 453 1441; x_wconf 87' lang='lat' dir='ltr'><strong>trecentis</strong></span> <span class='ocrx_word' id='word_1_101' title='bbox 484 1374 525 1438; x_wconf 94' lang='lat' dir='ltr'><strong>ad</strong></span> <span class='ocrx_word' id='word_1_102' title='bbox 558 1373 718 1439; x_wconf 88' lang='lat' dir='ltr'><strong>Philotam</strong></span> <span class='ocrx_word' id='word_1_103' title='bbox 749 1375 868 1439; x_wconf 89' lang='lat' dir='ltr'><strong>missus</strong></span> <span class='ocrx_word' id='word_1_104' title='bbox 900 1375 1044 1440; x_wconf 88' lang='lat' dir='ltr'><strong>clausum</strong></span> <span class='ocrx_word' id='word_1_105' title='bbox 1076 1376 1213 1441; x_wconf 88' lang='lat' dir='ltr'><strong>aditum</strong></span> 
     </span>
     <span class='ocr_line' id='line_1_15' title="bbox 196 1462 1214 1548; baseline 0.001 -20"><span class='ocrx_word' id='word_1_106' title='bbox 196 1465 308 1530; x_wconf 91' lang='lat' dir='ltr'><strong>domus</strong></span> <span class='ocrx_word' id='word_1_107' title='bbox 331 1464 540 1546; x_wconf 88' lang='lat' dir='ltr'><strong>moliebatur,</strong></span> <span class='ocrx_word' id='word_1_108' title='bbox 562 1479 584 1525; x_wconf 75' lang='lat' dir='ltr'><strong>n</strong></span> <span class='ocrx_word' id='word_1_109' title='bbox 606 1462 757 1527; x_wconf 82' lang='lat' dir='ltr'><strong>iuvenum</strong></span> <span class='ocrx_word' id='word_1_110' title='bbox 778 1464 1028 1548; x_wconf 87' lang='lat' dir='ltr'><strong>promptissimis</strong></span> <span class='ocrx_word' id='word_1_111' title='bbox 1051 1464 1214 1548; x_wconf 89' lang='lat' dir='ltr'><strong>stipatus,</strong></span> 
     </span>
     <span class='ocr_line' id='line_1_16' title="bbox 195 1550 1212 1635; baseline -0.002 -17"><span class='ocrx_word' id='word_1_112' title='bbox 195 1576 271 1619; x_wconf 92' lang='lat' dir='ltr'><strong>nam</strong></span> <span class='ocrx_word' id='word_1_113' title='bbox 286 1557 411 1617; x_wconf 89' lang='lat' dir='ltr'><strong>ceteros</strong></span> <span class='ocrx_word' id='word_1_114' title='bbox 421 1552 549 1635; x_wconf 88' lang='lat' dir='ltr'><strong>cingere</strong></span> <span class='ocrx_word' id='word_1_115' title='bbox 562 1550 702 1634; x_wconf 90' lang='lat' dir='ltr'><strong>undique</strong></span> <span class='ocrx_word' id='word_1_116' title='bbox 717 1551 847 1616; x_wconf 90' lang='lat' dir='ltr'><strong>domum</strong></span> <span class='ocrx_word' id='word_1_117' title='bbox 861 1552 1008 1634; x_wconf 89' lang='lat' dir='ltr'><strong>iusserat,</strong></span> <span class='ocrx_word' id='word_1_118' title='bbox 1020 1573 1061 1615; x_wconf 90' lang='lat' dir='ltr'><strong>ne</strong></span> <span class='ocrx_word' id='word_1_119' title='bbox 1072 1554 1212 1618; x_wconf 88' lang='lat' dir='ltr'><strong>occulto</strong></span> 
     </span>
     <span class='ocr_line' id='line_1_17' title="bbox 143 1639 1212 1722; baseline -0.005 -13"><span class='ocrx_word' id='word_1_120' title='bbox 143 1661 177 1710; x_wconf 79' lang='lat'><strong>21</strong></span> <span class='ocrx_word' id='word_1_121' title='bbox 197 1644 285 1707; x_wconf 91' lang='lat' dir='ltr'><strong>aditu</strong></span> <span class='ocrx_word' id='word_1_122' title='bbox 300 1641 447 1704; x_wconf 85' lang='lat' dir='ltr'><strong>Philotas</strong></span> <span class='ocrx_word' id='word_1_123' title='bbox 464 1641 573 1722; x_wconf 92' lang='lat' dir='ltr'><strong>posset</strong></span> <span class='ocrx_word' id='word_1_124' title='bbox 592 1639 686 1703; x_wconf 87' lang='lat' dir='ltr'><strong>elabi.</strong></span> <span class='ocrx_word' id='word_1_125' title='bbox 720 1639 818 1704; x_wconf 90' lang='lat' dir='ltr'><strong>Illum</strong></span> <span class='ocrx_word' id='word_1_126' title='bbox 833 1639 899 1704; x_wconf 82' lang='lat' dir='ltr'><strong>sive</strong></span> <span class='ocrx_word' id='word_1_127' title='bbox 916 1640 1086 1705; x_wconf 86' lang='lat' dir='ltr'><strong>securitate</strong></span> <span class='ocrx_word' id='word_1_128' title='bbox 1100 1641 1212 1706; x_wconf 91' lang='lat' dir='ltr'><strong>animi</strong></span> 
     </span>
     <span class='ocr_line' id='line_1_18' title="bbox 196 1727 1210 1813; baseline -0.003 -17"><span class='ocrx_word' id='word_1_129' title='bbox 196 1732 262 1795; x_wconf 82' lang='lat' dir='ltr'><strong>sive</strong></span> <span class='ocrx_word' id='word_1_130' title='bbox 285 1728 478 1813; x_wconf 87' lang='lat' dir='ltr'><strong>fatigatione</strong></span> <span class='ocrx_word' id='word_1_131' title='bbox 506 1727 685 1792; x_wconf 91' lang='lat' dir='ltr'><strong>resolutum</strong></span> <span class='ocrx_word' id='word_1_132' title='bbox 708 1749 838 1793; x_wconf 90' lang='lat' dir='ltr'><strong>somnus</strong></span> <span class='ocrx_word' id='word_1_133' title='bbox 862 1732 1078 1812; x_wconf 88' lang='lat' dir='ltr'><strong>oppresserat:</strong></span> <span class='ocrx_word' id='word_1_134' title='bbox 1105 1751 1210 1812; x_wconf 91' lang='lat' dir='ltr'><strong>quem</strong></span> 
     </span>
     <span class='ocr_line' id='line_1_19' title="bbox 143 1815 1212 1901; baseline -0.006 -15"><span class='ocrx_word' id='word_1_135' title='bbox 143 1838 177 1886; x_wconf 78' lang='lat' dir='ltr'><strong>aa</strong></span> <span class='ocrx_word' id='word_1_136' title='bbox 196 1818 368 1884; x_wconf 87' lang='lat' dir='ltr'><strong>Atbarrias</strong></span> <span class='ocrx_word' id='word_1_137' title='bbox 384 1819 567 1900; x_wconf 90' lang='lat' dir='ltr'><strong>torpentem</strong></span> <span class='ocrx_word' id='word_1_138' title='bbox 581 1815 684 1880; x_wconf 91' lang='lat' dir='ltr'><strong>adbuc</strong></span> <span class='ocrx_word' id='word_1_139' title='bbox 697 1820 842 1901; x_wconf 90' lang='lat' dir='ltr'><strong>occupat.</strong></span> <span class='ocrx_word' id='word_1_140' title='bbox 877 1816 1020 1880; x_wconf 81' lang='lat' dir='ltr'><strong>Tandem</strong></span> <span class='ocrx_word' id='word_1_141' title='bbox 1038 1817 1068 1881; x_wconf 91' lang='lat' dir='ltr'><strong>ei</strong></span> <span class='ocrx_word' id='word_1_142' title='bbox 1086 1837 1212 1900; x_wconf 87' lang='lat' dir='ltr'><strong>sopore</strong></span> 
     </span>
     <span class='ocr_line' id='line_1_20' title="bbox 198 1903 1209 1988; baseline -0.002 -17"><span class='ocrx_word' id='word_1_143' title='bbox 198 1907 343 1971; x_wconf 90' lang='lat' dir='ltr'><strong>discusso</strong></span> <span class='ocrx_word' id='word_1_144' title='bbox 362 1925 435 1969; x_wconf 92' lang='lat' dir='ltr'><strong>cum</strong></span> <span class='ocrx_word' id='word_1_145' title='bbox 452 1904 646 1969; x_wconf 89' lang='lat' dir='ltr'><strong>inicerentur</strong></span> <span class='ocrx_word' id='word_1_146' title='bbox 664 1907 808 1987; x_wconf 90' lang='lat' dir='ltr'><strong>catenae,</strong></span> <span class='ocrx_word' id='word_1_147' title='bbox 823 1903 943 1987; x_wconf 75' lang='lat' dir='ltr'><strong>‘Vicit&#39;,</strong></span> <span class='ocrx_word' id='word_1_148' title='bbox 961 1904 1079 1988; x_wconf 90' lang='lat' dir='ltr'><strong>inquit,</strong></span> <span class='ocrx_word' id='word_1_149' title='bbox 1099 1903 1209 1969; x_wconf 78' lang='lat' dir='ltr'><strong>‘boni-</strong></span> 
     </span>
     <span class='ocr_line' id='line_1_21' title="bbox 196 1991 1211 2075; baseline -0.001 -16"><span class='ocrx_word' id='word_1_150' title='bbox 196 1998 298 2059; x_wconf 91' lang='lat' dir='ltr'><strong>tatem</strong></span> <span class='ocrx_word' id='word_1_151' title='bbox 318 1996 421 2074; x_wconf 91' lang='lat' dir='ltr'><strong>tuam,</strong></span> <span class='ocrx_word' id='word_1_152' title='bbox 443 2014 511 2075; x_wconf 87' lang='lat' dir='ltr'><strong>rex,</strong></span> <span class='ocrx_word' id='word_1_153' title='bbox 533 1992 737 2056; x_wconf 88' lang='lat' dir='ltr'><strong>inimicorum</strong></span> <span class='ocrx_word' id='word_1_154' title='bbox 756 2013 899 2057; x_wconf 91' lang='lat' dir='ltr'><strong>meorum</strong></span> <span class='ocrx_word' id='word_1_155' title='bbox 918 1991 1097 2057; x_wconf 87' lang='lat' dir='ltr'><strong>acerbitas&#39;.</strong></span> <span class='ocrx_word' id='word_1_156' title='bbox 1136 1991 1211 2058; x_wconf 90' lang='lat' dir='ltr'><strong>Nec</strong></span> 
     </span>
     <span class='ocr_line' id='line_1_22' title="bbox 198 2080 1129 2166; baseline 0.001 -22"><span class='ocrx_word' id='word_1_157' title='bbox 198 2082 293 2166; x_wconf 86' lang='lat' dir='ltr'><strong>plura</strong></span> <span class='ocrx_word' id='word_1_158' title='bbox 315 2081 476 2144; x_wconf 88' lang='lat' dir='ltr'><strong>elocutum</strong></span> <span class='ocrx_word' id='word_1_159' title='bbox 498 2080 605 2162; x_wconf 86' lang='lat' dir='ltr'><strong>capite</strong></span> <span class='ocrx_word' id='word_1_160' title='bbox 627 2080 733 2145; x_wconf 85' lang='lat' dir='ltr'><strong>velato</strong></span> <span class='ocrx_word' id='word_1_161' title='bbox 755 2081 791 2145; x_wconf 93' lang='lat' dir='ltr'><strong>in</strong></span> <span class='ocrx_word' id='word_1_162' title='bbox 812 2081 936 2165; x_wconf 90' lang='lat' dir='ltr'><strong>regiam</strong></span> <span class='ocrx_word' id='word_1_163' title='bbox 959 2081 1129 2145; x_wconf 86' lang='lat' dir='ltr'><strong>adducunt</strong></span> 
     </span>
     <span class='ocr_line' id='line_1_23' title="bbox 144 2166 1211 2252; baseline 0.006 -23"><span class='ocrx_word' id='word_1_164' title='bbox 144 2191 178 2238; x_wconf 78' lang='lat'><strong>23</strong></span> <span class='ocrx_word' id='word_1_165' title='bbox 286 2166 421 2232; x_wconf 90' lang='lat' dir='ltr'><strong>Postero</strong></span> <span class='ocrx_word' id='word_1_166' title='bbox 457 2167 508 2231; x_wconf 90' lang='lat' dir='ltr'><strong>die</strong></span> <span class='ocrx_word' id='word_1_167' title='bbox 542 2188 597 2231; x_wconf 85' lang='lat' dir='ltr'><strong>rex</strong></span> <span class='ocrx_word' id='word_1_168' title='bbox 633 2168 744 2252; x_wconf 87' lang='lat' dir='ltr'><strong>edixit,</strong></span> <span class='ocrx_word' id='word_1_169' title='bbox 780 2190 890 2234; x_wconf 91' lang='lat' dir='ltr'><strong>omues</strong></span> <span class='ocrx_word' id='word_1_170' title='bbox 922 2170 1039 2234; x_wconf 88' lang='lat' dir='ltr'><strong>armati</strong></span> <span class='ocrx_word' id='word_1_171' title='bbox 1070 2169 1211 2235; x_wconf 90' lang='lat' dir='ltr'><strong>coirent.</strong></span> 
     </span>
     <span class='ocr_line' id='line_1_24' title="bbox 197 2254 1208 2341; baseline -0.001 -18"><span class='ocrx_word' id='word_1_172' title='bbox 197 2275 234 2323; x_wconf 77' lang='lat' dir='ltr'><strong>vr</strong></span> <span class='ocrx_word' id='word_1_173' title='bbox 247 2256 339 2320; x_wconf 91' lang='lat' dir='ltr'><strong>milia</strong></span> <span class='ocrx_word' id='word_1_174' title='bbox 351 2254 417 2320; x_wconf 90' lang='lat' dir='ltr'><strong>fere</strong></span> <span class='ocrx_word' id='word_1_175' title='bbox 430 2255 571 2319; x_wconf 89' lang='lat' dir='ltr'><strong>militum</strong></span> <span class='ocrx_word' id='word_1_176' title='bbox 585 2261 750 2339; x_wconf 80' lang='lat' dir='ltr'><strong>uenerant,</strong></span> <span class='ocrx_word' id='word_1_177' title='bbox 767 2261 934 2341; x_wconf 89' lang='lat' dir='ltr'><strong>praeterea</strong></span> <span class='ocrx_word' id='word_1_178' title='bbox 951 2258 1046 2322; x_wconf 91' lang='lat' dir='ltr'><strong>turba</strong></span> <span class='ocrx_word' id='word_1_179' title='bbox 1061 2257 1208 2322; x_wconf 88' lang='lat' dir='ltr'><strong>lixarum</strong></span> 
     </span>
     <span class='ocr_line' id='line_1_25' title="bbox 145 2343 1208 2429; baseline -0.004 -15"><span class='ocrx_word' id='word_1_180' title='bbox 145 2366 180 2414; x_wconf 79' lang='lat'><strong>24</strong></span> <span class='ocrx_word' id='word_1_181' title='bbox 200 2346 408 2427; x_wconf 87' lang='lat' dir='ltr'><strong>calonumque</strong></span> <span class='ocrx_word' id='word_1_182' title='bbox 440 2343 642 2426; x_wconf 82' lang='lat' dir='ltr'><strong>inpleverant</strong></span> <span class='ocrx_word' id='word_1_183' title='bbox 676 2346 808 2428; x_wconf 87' lang='lat' dir='ltr'><strong>regiam.</strong></span> <span class='ocrx_word' id='word_1_184' title='bbox 861 2344 1013 2410; x_wconf 88' lang='lat' dir='ltr'><strong>Philotan</strong></span> <span class='ocrx_word' id='word_1_185' title='bbox 1049 2345 1208 2429; x_wconf 87' lang='lat' dir='ltr'><strong>armigeri</strong></span> 
     </span>
     <span class='ocr_line' id='line_1_26' title="bbox 198 2432 1208 2520; baseline -0.001 -21"><span class='ocrx_word' id='word_1_186' title='bbox 198 2434 326 2520; x_wconf 88' lang='lat' dir='ltr'><strong>agmine</strong></span> <span class='ocrx_word' id='word_1_187' title='bbox 344 2453 402 2497; x_wconf 91' lang='lat' dir='ltr'><strong>suo</strong></span> <span class='ocrx_word' id='word_1_188' title='bbox 421 2432 586 2517; x_wconf 86' lang='lat' dir='ltr'><strong>tegebant,</strong></span> <span class='ocrx_word' id='word_1_189' title='bbox 609 2454 650 2496; x_wconf 91' lang='lat' dir='ltr'><strong>ne</strong></span> <span class='ocrx_word' id='word_1_190' title='bbox 670 2437 743 2497; x_wconf 90' lang='lat' dir='ltr'><strong>ante</strong></span> <span class='ocrx_word' id='word_1_191' title='bbox 765 2433 906 2515; x_wconf 89' lang='lat' dir='ltr'><strong>conspici</strong></span> <span class='ocrx_word' id='word_1_192' title='bbox 928 2436 1038 2517; x_wconf 88' lang='lat' dir='ltr'><strong>posset</strong></span> <span class='ocrx_word' id='word_1_193' title='bbox 1056 2456 1075 2498; x_wconf 93' lang='lat' dir='ltr'><strong>a</strong></span> <span class='ocrx_word' id='word_1_194' title='bbox 1093 2434 1208 2518; x_wconf 81' lang='lat' dir='ltr'><strong>vulgo,</strong></span> 
     </span>
     <span class='ocr_line' id='line_1_27' title="bbox 145 2520 1207 2608; baseline -0.006 -16"><span class='ocrx_word' id='word_1_195' title='bbox 145 2542 179 2592; x_wconf 81' lang='lat'><strong>25</strong></span> <span class='ocrx_word' id='word_1_196' title='bbox 198 2545 293 2608; x_wconf 91' lang='lat' dir='ltr'><strong>quam</strong></span> <span class='ocrx_word' id='word_1_197' title='bbox 311 2543 367 2587; x_wconf 90' lang='lat' dir='ltr'><strong>rex</strong></span> <span class='ocrx_word' id='word_1_198' title='bbox 384 2521 552 2585; x_wconf 91' lang='lat' dir='ltr'><strong>adlocutus</strong></span> <span class='ocrx_word' id='word_1_199' title='bbox 571 2520 691 2585; x_wconf 91' lang='lat' dir='ltr'><strong>milites</strong></span> <span class='ocrx_word' id='word_1_200' title='bbox 710 2526 804 2586; x_wconf 88' lang='lat' dir='ltr'><strong>esset.</strong></span> <span class='ocrx_word' id='word_1_201' title='bbox 836 2520 884 2584; x_wconf 91' lang='lat' dir='ltr'><strong>De</strong></span> <span class='ocrx_word' id='word_1_202' title='bbox 899 2521 1090 2604; x_wconf 87' lang='lat' dir='ltr'><strong>capitalibus</strong></span> <span class='ocrx_word' id='word_1_203' title='bbox 1104 2522 1207 2586; x_wconf 90' lang='lat' dir='ltr'><strong>rebus</strong></span> 
     </span>
     <span class='ocr_line' id='line_1_28' title="bbox 197 2609 1208 2693; baseline -0.003 -16"><span class='ocrx_word' id='word_1_204' title='bbox 197 2615 325 2677; x_wconf 84' lang='lat' dir='ltr'><strong>vetusto</strong></span> <span class='ocrx_word' id='word_1_205' title='bbox 355 2609 568 2675; x_wconf 88' lang='lat' dir='ltr'><strong>Macedonum</strong></span> <span class='ocrx_word' id='word_1_206' title='bbox 603 2609 698 2674; x_wconf 91' lang='lat' dir='ltr'><strong>modo</strong></span> <span class='ocrx_word' id='word_1_207' title='bbox 730 2609 915 2693; x_wconf 90' lang='lat' dir='ltr'><strong>inquirebat</strong></span> <span class='ocrx_word' id='word_1_208' title='bbox 946 2630 1013 2688; x_wconf 77' lang='lat' dir='ltr'><strong>rea,</strong></span> <span class='ocrx_word' id='word_1_209' title='bbox 1049 2610 1208 2675; x_wconf 79' lang='lat' dir='ltr'><strong>iudicabat</strong></span> 
     </span>
     <span class='ocr_line' id='line_1_29' title="bbox 199 2697 1207 2782; baseline -0.002 -18"><span class='ocrx_word' id='word_1_210' title='bbox 199 2699 355 2764; x_wconf 88' lang='lat' dir='ltr'><strong>exereitus</strong></span> <span class='ocrx_word' id='word_1_211' title='bbox 381 2734 418 2744; x_wconf 90' lang='lat'>-</span> <span class='ocrx_word' id='word_1_212' title='bbox 444 2698 479 2762; x_wconf 94' lang='lat' dir='ltr'><strong>in</strong></span> <span class='ocrx_word' id='word_1_213' title='bbox 507 2719 585 2780; x_wconf 91' lang='lat' dir='ltr'><strong>pace</strong></span> <span class='ocrx_word' id='word_1_214' title='bbox 613 2701 683 2762; x_wconf 89' lang='lat' dir='ltr'><strong>crat</strong></span> <span class='ocrx_word' id='word_1_215' title='bbox 709 2699 798 2782; x_wconf 85' lang='lat' dir='ltr'><strong>vulgi</strong></span> <span class='ocrx_word' id='word_1_216' title='bbox 820 2733 864 2744; x_wconf 92' lang='lat'><em>-</em></span> <span class='ocrx_word' id='word_1_217' title='bbox 886 2701 919 2761; x_wconf 94' lang='lat' dir='ltr'><strong>et</strong></span> <span class='ocrx_word' id='word_1_218' title='bbox 944 2697 1028 2761; x_wconf 90' lang='lat' dir='ltr'><strong>nihil</strong></span> <span class='ocrx_word' id='word_1_219' title='bbox 1055 2702 1207 2781; x_wconf 88' lang='lat' dir='ltr'><strong>potestas</strong></span> 
     </span>
     <span class='ocr_line' id='line_1_30' title="bbox 146 2785 1208 2871; baseline -0.006 -15"><span class='ocrx_word' id='word_1_220' title='bbox 146 2808 179 2856; x_wconf 80' lang='lat' dir='ltr'><strong>aa</strong></span> <span class='ocrx_word' id='word_1_221' title='bbox 198 2807 311 2871; x_wconf 85' lang='lat' dir='ltr'><strong>regum</strong></span> <span class='ocrx_word' id='word_1_222' title='bbox 333 2786 476 2868; x_wconf 86' lang='lat' dir='ltr'><strong>valebat,</strong></span> <span class='ocrx_word' id='word_1_223' title='bbox 497 2785 561 2849; x_wconf 91' lang='lat' dir='ltr'><strong>nisi</strong></span> <span class='ocrx_word' id='word_1_224' title='bbox 582 2786 672 2868; x_wconf 92' lang='lat' dir='ltr'><strong>prius</strong></span> <span class='ocrx_word' id='word_1_225' title='bbox 694 2785 849 2850; x_wconf 82' lang='lat' dir='ltr'><strong>valuisset</strong></span> <span class='ocrx_word' id='word_1_226' title='bbox 872 2785 1055 2851; x_wconf 88' lang='lat' dir='ltr'><strong>auctoritas.</strong></span> <span class='ocrx_word' id='word_1_227' title='bbox 1098 2786 1208 2869; x_wconf 86' lang='lat' dir='ltr'><strong>Igitur</strong></span> 
     </span>
     <span class='ocr_line' id='line_1_31' title="bbox 197 2873 1207 2959; baseline -0.001 -20"><span class='ocrx_word' id='word_1_228' title='bbox 197 2874 317 2958; x_wconf 88' lang='lat' dir='ltr'><strong>Dymni</strong></span> <span class='ocrx_word' id='word_1_229' title='bbox 345 2874 484 2956; x_wconf 90' lang='lat' dir='ltr'><strong>primurn</strong></span> <span class='ocrx_word' id='word_1_230' title='bbox 512 2873 647 2937; x_wconf 85' lang='lat' dir='ltr'><strong>cadaver</strong></span> <span class='ocrx_word' id='word_1_231' title='bbox 673 2873 810 2938; x_wconf 84' lang='lat' dir='ltr'><strong>infertur</strong></span> <span class='ocrx_word' id='word_1_232' title='bbox 836 2874 1013 2957; x_wconf 90' lang='lat' dir='ltr'><strong>plerisque,</strong></span> <span class='ocrx_word' id='word_1_233' title='bbox 1045 2874 1120 2959; x_wconf 92' lang='lat' dir='ltr'><strong>quid</strong></span> <span class='ocrx_word' id='word_1_234' title='bbox 1149 2896 1207 2958; x_wconf 89' lang='lat' dir='ltr'><strong>pa-</strong></span> 
     </span>
     <span class='ocr_line' id='line_1_32' title="bbox 197 2962 979 3046; baseline -0.003 -19"><span class='ocrx_word' id='word_1_235' title='bbox 197 2966 302 3027; x_wconf 87' lang='lat' dir='ltr'><strong>rasset</strong></span> <span class='ocrx_word' id='word_1_236' title='bbox 324 2981 425 3045; x_wconf 81' lang='lat' dir='ltr'><strong>quoue</strong></span> <span class='ocrx_word' id='word_1_237' title='bbox 448 2981 524 3026; x_wconf 86' lang='lat' dir='ltr'><strong>casu</strong></span> <span class='ocrx_word' id='word_1_238' title='bbox 548 2962 706 3026; x_wconf 90' lang='lat' dir='ltr'><strong>extinctus</strong></span> <span class='ocrx_word' id='word_1_239' title='bbox 731 2965 828 3045; x_wconf 90' lang='lat' dir='ltr'><strong>esset,</strong></span> <span class='ocrx_word' id='word_1_240' title='bbox 847 2962 979 3046; x_wconf 88' lang='lat' dir='ltr'><strong>ignaris.</strong></span> 
     </span>
    </p>
   </div>
   <div class='ocr_carea' id='block_1_3' title="bbox 623 3119 778 3186">
    <p class='ocr_par' dir='ltr' id='par_1_3' title="bbox 623 3119 778 3186">
     <span class='ocr_line' id='line_1_33' title="bbox 623 3119 778 3186; baseline 0.006 -1"><span class='ocrx_word' id='word_1_241' title='bbox 623 3119 700 3185; x_wconf 76' lang='lat' dir='ltr'><strong>Car.</strong></span> <span class='ocrx_word' id='word_1_242' title='bbox 723 3119 778 3186; x_wconf 89' lang='lat' dir='ltr'><strong>IX.</strong></span> 
     </span>
    </p>
   </div>
   <div class='ocr_carea' id='block_1_4' title="bbox 163 3224 1244 3399">
    <p class='ocr_par' dir='ltr' id='par_1_4' title="bbox 163 3224 1244 3399">
     <span class='ocr_line' id='line_1_34' title="bbox 163 3224 1244 3310; baseline -0.007 -15"><span class='ocrx_word' id='word_1_243' title='bbox 163 3249 178 3295; x_wconf 92' lang='lat'>1</span> <span class='ocrx_word' id='word_1_244' title='bbox 286 3224 354 3290; x_wconf 86' lang='lat' dir='ltr'><strong>Rex</strong></span> <span class='ocrx_word' id='word_1_245' title='bbox 372 3224 484 3290; x_wconf 89' lang='lat' dir='ltr'><strong>deinde</strong></span> <span class='ocrx_word' id='word_1_246' title='bbox 503 3226 539 3290; x_wconf 94' lang='lat' dir='ltr'><strong>in</strong></span> <span class='ocrx_word' id='word_1_247' title='bbox 552 3226 734 3291; x_wconf 91' lang='lat' dir='ltr'><strong>contionem</strong></span> <span class='ocrx_word' id='word_1_248' title='bbox 752 3224 898 3310; x_wconf 89' lang='lat' dir='ltr'><strong>procedit</strong></span> <span class='ocrx_word' id='word_1_249' title='bbox 912 3225 1004 3290; x_wconf 82' lang='lat' dir='ltr'><strong>vultu</strong></span> <span class='ocrx_word' id='word_1_250' title='bbox 1021 3225 1202 3310; x_wconf 86' lang='lat' dir='ltr'><strong>praeferens</strong></span> <span class='ocrx_word' id='word_1_251' title='bbox 1211 3224 1244 3289; x_wconf 76' lang='lat'><strong>32</strong></span> 
     </span>
     <span class='ocr_line' id='line_1_35' title="bbox 199 3313 1202 3399; baseline -0.001 -21"><span class='ocrx_word' id='word_1_252' title='bbox 199 3314 342 3379; x_wconf 89' lang='lat' dir='ltr'><strong>dolorem</strong></span> <span class='ocrx_word' id='word_1_253' title='bbox 365 3314 473 3379; x_wconf 91' lang='lat' dir='ltr'><strong>animi.</strong></span> <span class='ocrx_word' id='word_1_254' title='bbox 515 3313 702 3379; x_wconf 86' lang='lat' dir='ltr'><strong>Amicorum</strong></span> <span class='ocrx_word' id='word_1_255' title='bbox 725 3334 850 3397; x_wconf 92' lang='lat' dir='ltr'><strong>quoque</strong></span> <span class='ocrx_word' id='word_1_256' title='bbox 874 3314 1038 3378; x_wconf 90' lang='lat' dir='ltr'><strong>maestitia</strong></span> <span class='ocrx_word' id='word_1_257' title='bbox 1061 3317 1202 3399; x_wconf 85' lang='lat' dir='ltr'><strong>expecta-</strong></span> 
     </span>
    </p>
   </div>
   <div class='ocr_carea' id='block_1_5' title="bbox 163 3400 1201 3664">
    <p class='ocr_par' dir='ltr' id='par_1_5' title="bbox 163 3400 1201 3664">
     <span class='ocr_line' id='line_1_36' title="bbox 163 3400 1201 3488; baseline -0.006 -17"><span class='ocrx_word' id='word_1_258' title='bbox 163 3404 321 3471; x_wconf 84' lang='lat' dir='ltr'><strong>ationem</strong></span> <span class='ocrx_word' id='word_1_259' title='bbox 343 3402 430 3468; x_wconf 93' lang='lat' dir='ltr'><strong>haud</strong></span> <span class='ocrx_word' id='word_1_260' title='bbox 450 3424 584 3488; x_wconf 85' lang='lat' dir='ltr'><strong>parvam</strong></span> <span class='ocrx_word' id='word_1_261' title='bbox 605 3403 652 3466; x_wconf 91' lang='lat' dir='ltr'><strong>rei</strong></span> <span class='ocrx_word' id='word_1_262' title='bbox 675 3402 804 3467; x_wconf 88' lang='lat' dir='ltr'><strong>fecerat</strong></span> <span class='ocrx_word' id='word_1_263' title='bbox 843 3400 908 3466; x_wconf 92' lang='lat' dir='ltr'><strong>Diu</strong></span> <span class='ocrx_word' id='word_1_264' title='bbox 930 3423 987 3466; x_wconf 89' lang='lat' dir='ltr'><strong>rex</strong></span> <span class='ocrx_word' id='word_1_265' title='bbox 1010 3402 1148 3468; x_wconf 89' lang='lat' dir='ltr'><strong>demisso</strong></span> <span class='ocrx_word' id='word_1_266' title='bbox 1169 3403 1201 3465; x_wconf 95' lang='lat' dir='ltr'><strong>in</strong></span> 
     </span>
     <span class='ocr_line' id='line_1_37' title="bbox 199 3489 1199 3574; baseline -0.002 -18"><span class='ocrx_word' id='word_1_267' title='bbox 199 3494 319 3557; x_wconf 87' lang='lat' dir='ltr'><strong>terram</strong></span> <span class='ocrx_word' id='word_1_268' title='bbox 332 3492 424 3557; x_wconf 83' lang='lat' dir='ltr'><strong>vultu</strong></span> <span class='ocrx_word' id='word_1_269' title='bbox 438 3490 579 3555; x_wconf 91' lang='lat' dir='ltr'><strong>attonito</strong></span> <span class='ocrx_word' id='word_1_270' title='bbox 594 3490 798 3574; x_wconf 86' lang='lat' dir='ltr'><strong>stupentique</strong></span> <span class='ocrx_word' id='word_1_271' title='bbox 812 3489 927 3554; x_wconf 86' lang='lat' dir='ltr'><strong>similis</strong></span> <span class='ocrx_word' id='word_1_272' title='bbox 940 3491 1040 3556; x_wconf 86' lang='lat' dir='ltr'><strong>stetit</strong></span> <span class='ocrx_word' id='word_1_273' title='bbox 1062 3490 1199 3556; x_wconf 80' lang='lat' dir='ltr'><strong>Tandem</strong></span> 
     </span>
     <span class='ocr_line' id='line_1_38' title="bbox 199 3577 1199 3664; baseline -0.007 -19"><span class='ocrx_word' id='word_1_274' title='bbox 199 3584 331 3664; x_wconf 89' lang='lat' dir='ltr'><strong>recepto</strong></span> <span class='ocrx_word' id='word_1_275' title='bbox 342 3580 459 3662; x_wconf 91' lang='lat' dir='ltr'><strong>animo,</strong></span> <span class='ocrx_word' id='word_1_276' title='bbox 471 3577 610 3654; x_wconf 76' lang='lat' dir='ltr'><strong>‘Paene’‚</strong></span> <span class='ocrx_word' id='word_1_277' title='bbox 623 3578 736 3662; x_wconf 88' lang='lat' dir='ltr'><strong>inquit,</strong></span> <span class='ocrx_word' id='word_1_278' title='bbox 751 3577 892 3661; x_wconf 71' lang='lat' dir='ltr'><strong>milites,</strong></span> <span class='ocrx_word' id='word_1_279' title='bbox 906 3577 1073 3643; x_wconf 90' lang='lat' dir='ltr'><strong>hominum</strong></span> <span class='ocrx_word' id='word_1_280' title='bbox 1087 3579 1199 3644; x_wconf 88' lang='lat' dir='ltr'><strong>scelere</strong></span> 
     </span>
    </p>
   </div>
   <div class='ocr_carea' id='block_1_6' title="bbox 0 0 1296 4098">
    <p class='ocr_par' dir='ltr' id='par_1_6' title="bbox 0 0 1296 4098">
     <span class='ocr_line' id='line_1_39' title="bbox 0 0 1296 4098; baseline 0 2"><span class='ocrx_word' id='word_1_281' title='bbox 0 0 1296 4098; x_wconf 95' lang='lat' dir='ltr'><strong> </strong></span> 
     </span>
    </p>
   </div>
  </div>
 </body>
</html>
