2600 4096
199 183 264 246 160
567 190 599 254 Q.
620 189 730 244 OURTI
747 189 833 244 RUFI

197 327 303 392 brinm
331 364 373 376 -
405 331 511 416 magis
541 331 741 418 professione
772 355 869 418 quam
901 334 1037 398 scientia
1067 333 1201 418 celeber,

162 419 180 468 9
198 415 320 501 alioqui
341 419 526 484 moderatus
549 424 583 484 et
603 423 734 505 probus.
777 421 811 486 ls
833 443 907 486 cum
924 419 1088 505 praefatus
1107 426 1202 506 esset,

198 504 279 568 seire
298 526 391 572 servo
409 508 522 572 utilius
541 529 610 574 esse
627 531 739 592 perere
762 510 847 575 dicto
871 531 969 593 quem
987 509 1114 576 adferre
1132 531 1202 576 con·

198 592 321 677 silium,
352 615 425 659 cum
455 596 544 680 illos,
576 598 630 680 qui
660 602 810 680 pareant,
842 597 929 664 idem
961 598 1046 682 quod
1079 602 1202 664 ceteros

198 685 340 765 maneat,
367 683 423 766 qui
448 705 525 750 vcro
548 685 716 769 suadeant,
741 686 909 769 proprium
937 685 1000 752 sibi
1025 687 1202 770 periculum

198 768 400 835 wabalmnt:
417 770 534 838 Bessis
546 793 615 838 acm
626 775 814 856 intrepidam
825 776 924 840 dicere
934 775 1035 859 isacii,
1051 775 1202 860 poculum

147 859 180 911 1o
199 858 309 937 etism,
335 858 420 942 quod
441 859 584 926 habebat
604 862 639 926 in
661 883 772 946 manu,
793 861 937 928 tradidit.
977 860 1047 937 Quo
1070 867 1201 947 accepto

198 942 349 1030 Gobares,
372 945 531 1032 ‘Natura',
553 950 672 1034 inquit,
695 949 893 1016 ‘mortalium
914 950 977 1016 hoc
998 972 1126 1035 quoque
1148 973 1202 1018 no·

198 1032 285 1097 mine
307 1054 408 1117 prava
430 1041 464 1101 et
486 1037 620 1102 sinistra
641 1039 705 1104 dici
726 1042 850 1123 potest,
873 1039 959 1124 quod
979 1038 1014 1102 in
1036 1060 1096 1104 suo
1121 1041 1203 1125 quis·

148 1124 179 1172 11
199 1142 261 1204 que
286 1124 417 1207 negotio
446 1125 594 1192 hebetior
620 1132 671 1193 est
700 1148 799 1211 quam
829 1127 864 1191 in
895 1127 1010 1192 alieno.
1063 1127 1204 1192 'ltrrbida

198 1213 275 1274 sunt
297 1212 431 1278 consilia
452 1235 572 1299 eorum,
594 1215 650 1299 qui
672 1214 735 1281 sibi
752 1215 898 1281 suadent
943 1213 1063 1280 Obstat
1088 1220 1203 1298 metus,

199 1297 277 1363 alies
305 1300 479 1387 cupiditas,
504 1323 747 1388 nonnumquam
778 1302 936 1369 naturalis
966 1324 1088 1388 eornm,
1122 1325 1204 1388 quae
1290 1329 1291 1354 i

198 1387 445 1475 excogitaveris,
477 1412 579 1456 amor:
611 1414 688 1456 nem
713 1391 749 1456 in
776 1396 810 1457 te
836 1391 990 1476 superbia
1014 1412 1080 1457 non
1109 1393 1203 1458 cadit

196 1473 358 1558 Expertus
381 1499 424 1562 es,
445 1501 713 1564 unumquemque,
735 1479 822 1566 quod
844 1480 915 1564 ipse
935 1479 1127 1565 reppererit,
1150 1483 1205 1545 aut

197 1563 303 1630 solum
334 1569 392 1629 aut
418 1566 575 1649 optimum
602 1568 724 1634 ducere.
768 1567 924 1653 Magnum
951 1589 1033 1633 onus
1061 1569 1202 1633 sustines

146 1655 178 1703 11
198 1653 312 1736 capite,
333 1673 447 1738 regum
465 1654 605 1739 insigne:
627 1655 690 1722 boc
712 1660 770 1722 aut
791 1657 956 1722 moderate
977 1655 1203 1740 perferendum

148 1744 178 1796 1³
197 1744 248 1805 est
278 1744 348 1826 aut,
374 1742 460 1826 quod
487 1743 669 1828 abominor,
696 1744 729 1810 in
758 1748 792 1811 te
823 1748 903 1811 ruet
953 1742 1113 1829 Consilio,
1140 1767 1204 1812 non

196 1828 321 1913 impetu
341 1851 422 1914 opus
446 1830 517 1898 est'.
560 1833 672 1897 Adicit
693 1832 819 1916 deinde,
841 1832 927 1917 quod
950 1832 1035 1916 apud
1057 1832 1202 1901 Bactria·

196 1938 255 1982 nos
283 1918 383 2003 vulgo
415 1921 630 2005 usurpabant,
660 1942 773 1986 canem
804 1920 953 1986 timidum
980 1920 1202 1989 vehementius

196 2005 314 2070 latrare
336 2028 433 2089 quam
455 2009 613 2094 mordere,
637 2009 798 2075 altissima
820 2030 963 2094 quaeque
986 2008 1122 2074 flumine
1145 2010 1203 2074 mi·

196 2092 284 2156 nimo
303 2114 382 2160 sono
405 2095 480 2160 labi
520 2097 610 2174 Ques
632 2097 764 2180 inserui,
785 2101 831 2181 ut,
854 2098 1094 2183 qualiscumque
1118 2099 1203 2164 inter

147 2187 179 2238 14
197 2179 351 2244 barbaros
378 2182 487 2266 potuit
513 2207 598 2270 esse,
624 2185 794 2269 prudentia
820 2185 1010 2252 dederetur.
1054 2184 1125 2250 Iam
1153 2186 1202 2250 his

197 2267 394 2333 audientium
413 2272 670 2354 expectationem
691 2273 915 2359 suspenderat:
936 2276 1007 2338 tum
1030 2275 1203 2340 consilium
1291 2300 1292 2322 ¹

197 2357 304 2442 aperit
323 2358 436 2424 utilius
454 2358 555 2426 Besso
579 2383 676 2446 quem
698 2362 831 2446 gratius.
876 2361 927 2426 ‘In
948 2361 1135 2446 vestibulo’,
1157 2363 1204 2427 in·

197 2446 279 2531 quit,
307 2445 427 2533 ‘regiae
457 2452 534 2514 tuae
564 2449 783 2516 velocissimus
816 2450 968 2516 consistit
998 2471 1064 2515 rex.
1114 2452 1202 2516 Ante

145 2541 179 2591 15
196 2537 251 2600 ille
274 2557 405 2622 agmen,
432 2559 529 2622 quam
556 2542 760 2604 tamensem
787 2539 885 2604 istem
907 2538 1063 2606 movebis.
1106 2537 1202 2604 Nunc

197 2625 238 2690 ab
253 2625 356 2691 Tanai
375 2626 549 2692 exercitum
567 2647 709 2692 accerses
727 2630 760 2692 et
777 2627 877 2692 armis
895 2627 1029 2692 flumina
1048 2647 1201 2710 oppones.

198 2712 329 2780 Scilicet
351 2719 472 2799 quatu
494 2715 657 2802 fugiturus
680 2737 729 2799 es,
751 2715 856 2784 hostis
878 2716 970 2799 sequi
992 2736 1057 2781 non
1078 2715 1201 2798 potest!

196 2801 263 2866 Iter
285 2803 413 2886 utrique
441 2825 609 2869 commune
632 2807 694 2888 est,
716 2801 831 2869 victori
852 2804 964 2870 tutius.
1009 2803 1100 2868 Licet
1122 2807 1200 2868 stre·

196 2910 295 2954 nuum
326 2894 447 2956 metum
478 2896 571 2976 putes
603 2915 686 2977 esse,
722 2892 863 2959 velocior
893 2896 1004 2956 tumen
1037 2913 1110 2974 spes
1142 2895 1200 2956 est

145 2985 177 3034 16
198 2978 282 3053 Quin
303 2978 469 3044 validioris
496 3002 632 3064 occupas
660 2980 799 3066 gretiam
826 2979 977 3063 dedisque
1003 2983 1050 3064 te,
1076 2983 1201 3046 utcum-

196 3089 257 3151 que
280 3066 426 3150 cesserit,
453 3069 618 3134 meliorem
640 3069 805 3134 fortunam
827 3067 953 3133 deditus
976 3089 1073 3153 quam
1095 3067 1199 3134 bostis

144 3164 176 3212 17
195 3153 388 3220 habiturus?
432 3153 585 3222 Alienum
612 3157 712 3222 hebes
739 3177 888 3242 regnum,
916 3178 980 3242 quo
1007 3156 1132 3222 leoffius
1160 3177 1198 3220 eo

196 3264 313 3308 careas.
357 3242 494 3326 Incipies
512 3244 651 3311 forsitan
673 3247 778 3312 iustus
802 3267 872 3310 esse
890 3266 956 3328 rex,
978 3265 1050 3310 cum
1068 3245 1136 3328 ipse
1153 3243 1198 3308 fe-

145 3339 177 3390 18
197 3330 286 3414 ecrit,
308 3330 364 3416 qui
382 3331 444 3396 tibi
466 3335 500 3396 et
518 3332 593 3398 dere
611 3338 721 3416 potest
738 3354 874 3419 regnum
892 3336 925 3398 et
943 3333 1075 3417 eripere.
1116 3329 1198 3397 Ocn-

195 3420 303 3485 silium
326 3420 425 3486 babes
449 3419 553 3486 fidele:
581 3422 666 3506 quod
689 3422 811 3488 diutius
834 3422 947 3508 exequi
968 3441 1198 3504 supervacuum

194 3512 252 3573 est.
304 3507 435 3576 Nobilis
471 3529 570 3593 equus
607 3511 722 3576 umbra
758 3532 885 3596 qnoque
919 3510 1032 3594 virgae
1066 3509 1199 3595 regitur,

143 3606 175 3654 19
194 3598 330 3680 ignavus
357 3618 398 3662 ne
425 3597 542 3662 calceri
566 3597 695 3680 quidem
721 3599 877 3664 concitari
905 3598 1037 3684 potest'.
1080 3597 1197 3664 Bessus
