2582 4098
216 224 261 288 90
581 222 612 290 Q.
642 224 751 280 cunm
767 225 854 281 RUFI

214 367 288 452 ipsa
318 369 492 434 multorum
523 368 618 434 simul
643 369 792 434 manibus
819 368 972 434 convulsa
998 370 1034 434 in
1060 391 1141 456 eos,
1174 370 1222 454 qui

163 476 196 526 21
216 460 452 540 conmoverant,
475 457 666 521 recidebant
699 455 767 523 Nec
790 460 875 522 stare
893 479 971 542 ergo
988 461 1153 541 poterant
1169 479 1222 522 nec
1274 515 1275 538 ,

214 545 290 627 niti,
318 566 360 609 ne
386 544 547 608 testudine
573 544 701 628 quidem
721 545 862 630 protegi,
894 565 966 610 cum
987 548 1107 610 tantae
1133 545 1222 609 molis

216 631 749 784 ‘'ntfutefflfltsltelrt
763 631 1225 786 ltttltlltxtl

164 827 197 876 aa
216 741 373 872 {irercitus
391 740 539 891 angebat.
569 806 710 872 Invictus
729 811 803 872 ante
822 829 892 873 eam
905 741 990 872 disum
1002 807 1126 894 fuerat,
1146 808 1225 872 nibil
1273 836 1274 861 κ

215 894 336 958 frustra
358 915 467 958 ausus:
489 894 609 996 inpune
632 893 762 996 Ciliciae
783 894 892 998 fauces
914 896 1112 980 intraverat,
1139 917 1225 960 mare
1273 922 1274 925 ¹

215 982 802 1152 rretbffinfflllla
827 987 893 1136 lt
918 987 1225 1137 tttttlett'l

164 1177 197 1226 23
217 1159 294 1239 erat,
316 1177 412 1240 quam
429 1157 555 1241 reverti,
578 1179 641 1241 qua
657 1161 799 1222 venerat
830 1157 943 1242 Itaque
963 1159 1056 1244 signo
1073 1159 1224 1243 receptui

217 1244 292 1309 dato
324 1244 465 1310 densatis
497 1245 664 1310 ordinibus
696 1245 857 1329 scutisque
886 1266 983 1329 super
1009 1245 1124 1329 capita
1154 1267 1224 1312 con·

217 1331 312 1396 sertis
337 1334 424 1397 retro
455 1332 589 1396 evadere
618 1354 657 1397 ex
687 1333 845 1418 angustiis
875 1333 973 1398 iubet
1026 1351 1101 1399 xxx
1136 1334 1224 1399 tuere

216 1418 334 1504 stadia,
356 1441 437 1504 quae
459 1420 597 1485 remensi
619 1424 702 1486 sunt

635 1577 713 1645 Gne.
734 1578 791 1644 IV.

182 1703 196 1751 1
302 1681 386 1747 Tum
408 1682 522 1748 castris
543 1683 683 1766 undique
704 1687 816 1766 aperto
833 1684 904 1749 loco
922 1683 1037 1767 positis
1056 1705 1129 1749 non
1150 1684 1255 1749 con-lt

216 1771 336 1835 sultare
358 1770 467 1853 modo,
496 1771 571 1854 quid
594 1771 753 1856 agendum
775 1774 872 1855 esset,
900 1771 955 1835 sed
977 1774 1067 1835 vates
1090 1793 1222 1856 quoque

181 1858 367 1926 redhibere
389 1858 496 1942 coepit
516 1880 536 1922 a
559 1858 786 1942 superstitione
810 1858 916 1923 animi.
956 1856 1120 1942 seuquid
1146 1864 1221 1924 tunc

219 1945 401 2030 praedicere
423 1944 627 2030 Aristander,
654 1946 704 2010 cui
729 1945 905 2029 plurimum
929 1945 1079 2012 credebat
1102 1969 1148 2012 ex
1171 1968 1221 2011 va·

215 2033 317 2116 tibus,
348 2033 495 2114 poterat?
539 2033 651 2116 Itaque
675 2033 835 2098 damnatis
856 2033 1092 2118 intempestivis
1123 2033 1219 2100 sacri·

216 2119 297 2183 ficiis
329 2119 449 2202 peritos
480 2120 624 2184 locorum
655 2121 824 2186 convocari
854 2121 957 2186 iubet:
993 2142 1051 2204 per
1076 2120 1221 2188 Mediam

182 2227 198 2275 t
216 2206 280 2270 iter
301 2205 515 2270 ostendebant
535 2210 641 2271 tutum
663 2212 880 2291 apertumque.
917 2205 979 2272 Sed
998 2229 1054 2273 rex
1072 2208 1220 2275 deserere

217 2293 336 2357 milites
370 2293 548 2376 insepultos
582 2295 789 2360 erubescebat
819 2297 866 2360 ita
895 2296 1016 2361 tradito
1047 2317 1155 2381 more,
1187 2301 1220 2360 ut

216 2381 270 2446 vix
298 2382 400 2446 ullum
429 2381 564 2446 militiae
589 2386 658 2446 tam
685 2383 837 2448 sollemne
864 2387 950 2448 esset
975 2406 1091 2449 munus
1120 2407 1219 2469 quam

181 2469 371 2539 ehumandi
392 2490 477 2535 suos.
521 2467 673 2553 Captivos
696 2491 785 2555 ergo,
813 2493 893 2555 quos
915 2492 1019 2555 nuper
1041 2477 1220 2554 exceperat,

215 2559 322 2624 vocari
344 2557 446 2622 iubet:
467 2557 551 2622 inter
573 2579 652 2641 quos
671 2562 741 2622 erat
758 2559 887 2642 quidam
902 2557 1043 2623 Graecae
1056 2559 1220 2626 Persicae·

217 2669 277 2731 que
312 2646 441 2731 linguae
477 2646 611 2729 peritus,
647 2646 702 2729 qui
731 2646 852 2710 frustra
883 2667 956 2712 eum
987 2647 1023 2711 in
1052 2647 1219 2712 Persidem

222 2734 380 2797 montium
407 2734 502 2798 dorso
532 2734 704 2798 exereitum
727 2734 839 2798 ducere
863 2734 1024 2799 adfirmat:
1054 2735 1219 2801 silvestres

217 2841 286 2884 esse
309 2821 420 2903 calles,
440 2821 494 2884 vix
516 2820 651 2906 singulis
673 2821 814 2904 pervios:
847 2822 956 2886 omnia
978 2823 1107 2906 contegi
1128 2822 1219 2889 frou·

216 2908 310 2972 dibus
341 2907 546 2993 inplexosque
574 2909 725 2973 arborum
750 2930 857 2973 ramos
885 2910 982 2974 silvas
1008 2910 1219 2976 committere.

181 2993 363 3079 sNamque
391 2994 497 3060 Persis
529 2995 568 3060 ab
602 2997 702 3061 altero
733 2998 832 3061 latere
863 2998 1028 3080 perpetuis
1057 2999 1218 3063 montium

182 3083 302 3168 eiugis
329 3082 494 3147 clauditur.
537 3083 609 3148 Hoc
634 3084 777 3166 dorsum,
809 3084 894 3168 quod
920 3085 956 3148 in
981 3084 1218 3170 longitudinem

216 3189 298 3256 nnc,
319 3171 354 3234 in
376 3170 578 3235 latitudinem
601 3189 690 3236 chx
713 3171 817 3237 stadia
838 3172 1006 3255 procurrit,
1030 3193 1049 3236 a
1072 3171 1216 3239 Caucaso

216 3263 326 3324 monte
350 3258 391 3322 ad
412 3257 545 3322 rubrum
562 3281 650 3323 mare
667 3259 817 3342 pertinet,
839 3281 964 3344 quaque
983 3259 1100 3324 defecit
1115 3281 1216 3345 mons,

217 3348 304 3411 aliud
330 3345 576 3428 munimentum,
607 3347 737 3429 fretum,
770 3347 930 3411 obiectum
957 3349 1015 3412 est
1059 3347 1215 3413 Planities

217 3434 328 3498 deinde
365 3434 424 3498 sub
459 3432 619 3498 radicibus
655 3435 813 3500 montium
850 3434 992 3519 spatiosa
1026 3436 1216 3520 procumbit,
1276 3503 1277 3508 ,

216 3520 331 3586 fertilis
358 3524 455 3622 terra·
472 3521 644 3605 multisque
670 3522 750 3586 vicis
778 3526 872 3604 atque
899 3522 1031 3586 urbibus
1058 3523 1215 3607 frequens.
1275 3557 1277 3660 l

182 3607 340 3679 rAraxes
370 3630 473 3674 amnis
499 3631 558 3693 per
583 3609 643 3674 hos
671 3630 801 3692 campos
828 3609 1002 3673 multorum
1029 3631 1128 3694 aquas
1149 3613 1214 3676 tor·
1276 3661 1277 3664 η
