2602 4094
196 225 261 290 262
564 225 596 290 Q.
615 223 724 279 CURTI
741 224 828 279 RUFI

195 373 280 454 isque
305 375 334 436 et
356 371 507 453 praeriis,
534 390 612 452 quos
637 370 809 452 adduceret,
836 389 940 434 eorum
967 369 1108 451 inspeetis
1131 388 1206 450 pro·

197 461 280 525 haus
304 479 394 524 armo
416 459 601 540 cmuilrbque
626 459 793 523 sociatum
818 477 886 523 esse
936 457 1023 522 Nure
1044 457 1129 538 opud
1145 477 1206 538 po

190 548 303 631 pulum
335 549 508 630 imperitam
534 552 562 610 a
587 547 726 611 nrobilem
750 567 809 628 per
834 545 969 611 homines
995 545 1150 627 improbos
1176 549 1208 608 et

195 637 332 702 orontio
352 636 471 700 cerata
492 635 598 700 omniu
614 655 646 699 se
662 635 839 700 mernerrbue
856 639 1083 700 mnseeuturum
1101 635 1206 698 mett

627 878 707 946 Ore.
729 880 771 947 ll.

165 1003 178 1050 1
285 986 390 1072 Igitur
411 1006 486 1053 xxx
507 987 644 1052 navibus
672 985 806 1053 Sunium
828 988 1054 1052 transmittunt
1074 989 1235 1071 -prol

198 1076 397 1142 munturium
420 1079 471 1142 est
496 1074 625 1142 Atticae
652 1079 824 1140 terrae-
844 1075 928 1140 unde
955 1080 1084 1158 portum
1111 1077 1206 1142 urbis

163 1170 306 1250 apetere
333 1164 548 1230 decreverant
597 1163 658 1228 His
682 1163 820 1248 cognitis
846 1185 903 1228 rex
931 1163 1075 1247 Harpalo
1103 1163 1207 1229 Athe·

198 1253 423 1338 niensibusque
446 1253 537 1317 iuxta
555 1252 692 1317 infestus
710 1254 845 1318 classem
868 1254 976 1336 parari
992 1252 1084 1317 iubet
1101 1252 1206 1318 Athe-

163 1355 257 1407 anas
279 1341 426 1426 protinus
444 1341 615 1424 petiturus.
652 1340 745 1416 Quod
764 1341 934 1406 consilium
957 1341 1040 1406 clam
1065 1342 1208 1424 agitanti

197 1431 326 1512 litterae
347 1429 533 1513 redduntur,
554 1429 733 1512 Harpalum
751 1429 889 1494 intrasse
908 1429 1037 1513 quidem
1055 1428 1206 1495 Athenas

197 1541 234 1585 ac
250 1519 388 1603 pecunia
403 1518 590 1584 conciliasse
605 1517 667 1581 sibi
685 1516 865 1600 principum
880 1518 1020 1602 animos,
1036 1539 1112 1582 mox
1132 1539 1208 1584 oon-

198 1609 272 1673 oilio
300 1606 407 1691 plebis
434 1605 547 1671 habito
574 1606 697 1670 iussum
722 1607 802 1671 urbe
825 1605 974 1670 excedere
997 1605 1038 1671 ad
1061 1604 1207 1672 Graecos

197 1696 318 1761 milites
349 1695 546 1779 pervenisse,
578 1693 692 1779 quibus
724 1693 937 1778 interceptum
964 1694 1164 1760 trucidatum
1187 1719 1209 1760 a

163 1784 338 1870 4quodam
357 1783 520 1848 Thibrone
537 1805 595 1867 per
613 1783 755 1846 insidias.
787 1781 848 1847 His
867 1783 972 1848 laetus
990 1783 1208 1867 inEuropam
1294 1789 1295 1798 ’

199 1872 366 1939 traiciendi
384 1871 554 1937 consilium
573 1871 696 1954 omisit,
718 1871 775 1936 sed
794 1871 901 1935 exules
918 1875 1047 1954 praeter
1066 1893 1131 1955 eos,
1152 1873 1209 1957 qui

199 1961 287 2026 civili
306 1960 461 2045 sanguine
480 1959 623 2044 adspersi
641 1964 744 2043 erant,
761 1958 860 2041 recipi
879 1960 919 2024 ab
939 1958 1088 2024 omnibus
1108 1959 1208 2025 Grae-

165 2062 310 2114 ccorum
333 2049 532 2130 civitatibus,
556 2047 628 2132 quis
650 2048 737 2132 pulsi
759 2051 859 2131 erant,
881 2047 986 2113 iussit.
1022 2047 1068 2113 Et
1090 2047 1208 2114 Graeci

199 2137 285 2202 haud
312 2137 383 2200 ausi
409 2137 596 2239 imperiqm
609 2136 789 2219 aspernari,
815 2157 1009 2220 quamquam
1036 2137 1207 2201 solvenda·
1293 2205 1294 2210 ,

198 2247 271 2290 rum
298 2226 407 2309 legum
434 2224 468 2288 id
493 2225 689 2308 principium
712 2247 783 2290 esse
805 2224 991 2309 censebant,
1020 2226 1108 2290 bona
1130 2247 1208 2310 quo

165 2327 274 2398 oque,
302 2333 382 2397 quae
411 2316 570 2395 extarent,
596 2315 767 2378 restituere
795 2312 964 2377 damnatis.
1009 2310 1078 2378 Soli
1105 2312 1207 2378 Athe·
1293 2335 1294 2391 3

198 2402 326 2468 nienses
357 2423 424 2466 non
457 2401 507 2466 sui
538 2364 646 2483 niodo,
684 2401 803 2467 sedt
771 2401 868 2466 etiam
900 2400 1023 2485 publici
1054 2402 1208 2486 vindices,

200 2491 413 2557 colluvionem
437 2489 584 2555 ordinum
602 2490 831 2573 hominumque
849 2511 945 2574 aegre
963 2488 1121 2574 ferebant,
1141 2512 1208 2556 non

165 2577 568 2733 ,ztttalllllatl
586 2577 958 2750 ltiltatslllt
971 2577 1207 2750 llllttlt

200 2756 380 2837 toleraturi,
398 2777 495 2838 quam
512 2758 726 2838 purgamenta
745 2754 906 2840 quondam
919 2753 1009 2819 urbis
1024 2776 1111 2839 suae,
1129 2759 1208 2820 tunc
1292 2813 1293 2822 ,

202 2845 299 2909 etiam
323 2843 424 2926 exilii,
447 2842 665 2908 admitterent.

166 2945 182 2994 8
290 2931 472 2996 Alexander
495 2932 672 2997 senioribus
694 2931 835 2996 militum
852 2932 887 2996 in
904 2931 1043 3014 patriam
1061 2931 1237 2996 remissis8

201 3039 266 3086 1111
289 3019 382 3085 milia
403 3019 545 3103 peditum
568 3024 602 3084 et
624 3037 651 3084 11
670 3021 762 3084 milia
785 3019 942 3104 equitum,
965 3019 1104 3104 quaein
1128 3018 1207 3084 Asia

200 3110 364 3192 retineret,
387 3108 465 3191 eligi
486 3109 582 3174 iussit
606 3107 804 3190 existimans,
827 3107 952 3173 modico
973 3107 1115 3173 exercitu
1135 3129 1207 3173 oon·

202 3199 306 3263 tinere
343 3217 438 3282 posse
473 3195 600 3280 Asiam,
636 3197 712 3281 quia
745 3195 894 3279 pluribus
931 3196 1012 3261 locis
1046 3195 1209 3280 praesidia

203 3287 416 3369 disposuisset
437 3307 600 3369 nuperque
623 3285 766 3350 conditas
790 3284 884 3349 urbes
908 3284 1031 3350 colonis
1051 3284 1209 3367 replesset

168 3386 262 3439 enac
286 3395 337 3439 res
364 3394 483 3439 novare
511 3373 722 3456 cupientibus.
772 3371 922 3437 Ceterum
950 3373 1140 3456 priusquam
1163 3394 1209 3437 se

203 3465 355 3545 cerneret,
379 3484 458 3546 quos
478 3464 548 3526 erat
565 3465 758 3543 retenturus,
776 3461 883 3545 edixit,
901 3463 939 3525 ut
956 3481 1067 3525 omnes
1086 3461 1208 3526 milites

204 3571 258 3614 aes
287 3550 427 3614 alienum
451 3550 686 3632 profiterentur.
731 3547 836 3614 Grave
858 3547 1019 3634 plerisque
1042 3570 1112 3614 esse
1136 3571 1209 3614 con·

203 3639 331 3718 perorat
353 3641 399 3717 et,
422 3657 616 3720 quamquam
640 3637 783 3720 ipsorum
806 3637 885 3701 luxu
906 3641 1105 3702 contractum
1131 3641 1210 3720 erat,
