2600 4096
245 202 499 259 HISTORIARUM
515 203 728 260 ALEXANDRI
745 206 806 278 VII,
825 214 850 263 6.
870 213 893 263 'l-
1010 211 1072 274 171

72 345 156 410 ultra
172 344 293 410 Istrum
311 348 468 412 iacentem
487 348 577 412 oolit:
602 349 720 414 ultima
737 350 849 434 Asiae,
872 372 936 435 qua
953 352 1072 418 Bactra

74 436 158 517 sunt,
184 433 326 518 stringit
374 433 548 518 Habitant,
575 458 655 520 quae
682 439 895 522 septentrioni
921 441 1074 523 propiora

73 524 156 586 sunt:
177 522 356 606 profundae
378 523 451 587 inde
470 523 570 588 silvae
590 529 764 610 vastaeque
783 527 970 592 solitudines
990 530 1072 593 exci-

71 609 174 692 piunt:
205 633 317 676 rursus
349 632 431 695 quae
459 613 517 692 [et]
546 610 671 677 Tanain
703 617 736 678 et
766 613 886 679 Bactra
918 619 1073 700 spectant,

71 696 208 762 humano
236 699 325 764 cultu
352 698 437 763 haud
465 699 606 782 disparia
634 705 717 765 sunt.
761 701 888 767 Primus
911 725 983 768 oum
1009 703 1107 775 hace

72 788 163 869 gente
184 807 251 851 non
273 787 438 869 provisum
461 787 581 852 bellum
604 787 785 854 Alexander
808 795 972 876 gesturus,
999 814 1072 857 curn

71 873 106 937 in
125 877 297 958 conspectu
320 875 388 940 eius
416 875 618 959 obequitaret
643 877 762 962 hostis,
790 879 892 944 adhue
915 901 1011 965 aeger
1034 902 1072 945 ex

70 961 209 1045 vulnere,
239 963 410 1047 praecipue
436 984 513 1028 voce
543 963 706 1049 deficiens,
739 987 835 1050 quam
863 970 897 1032 et
928 968 1071 1033 modicus

72 1049 158 1115 cibus
178 1054 211 1114 et
229 1051 361 1116 cervicis
381 1051 576 1116 extenuabat
593 1051 693 1136 dolor,
711 1053 832 1119 amicos
850 1055 886 1118 in
903 1057 1071 1121 eonsilium

70 1136 217 1203 advocari
234 1137 334 1203 iubet.
368 1138 523 1204 Terrebat
541 1161 613 1204 eum
630 1162 696 1205 non
713 1140 827 1222 hostis,
845 1141 900 1206 sed
917 1143 1071 1228 iniquitas
1090 1167 1106 1215 e

70 1225 231 1311 temporis.
267 1227 433 1292 Bactriani
451 1226 640 1312 defecerant,
661 1226 800 1312 Scythae
818 1231 918 1294 etiarn
935 1230 1072 1297 lacesse·

71 1313 157 1378 bant:
180 1315 250 1398 ipse
272 1334 339 1379 non
359 1315 508 1379 insistere
531 1316 686 1400 interra,
708 1339 774 1382 non
792 1339 873 1402 equo
895 1318 983 1402 vehi,
1004 1342 1072 1385 non

71 1401 194 1486 dooere,
223 1423 291 1466 non
316 1402 441 1467 hortari
468 1424 543 1468 suos
569 1409 707 1488 poterat
754 1404 900 1488 Ancipiti
927 1407 1105 1490 periculo?

69 1489 231 1572 inplicitus
253 1491 330 1556 deos
354 1512 480 1574 quoque
502 1492 651 1557 incusans
675 1493 881 1577 querebatur,
908 1515 941 1558 se
967 1494 1070 1558 iacere

71 1598 216 1663 segnem,
242 1578 331 1643 ouius
354 1579 559 1644 velocitatem
580 1602 675 1645 nemo
699 1586 794 1645 antea
818 1582 975 1646 valuisset
996 1583 1072 1646 effu-

24 1666 60 1732 30
69 1686 155 1749 gere:
178 1667 234 1730 vix
256 1689 331 1731 suos
355 1667 480 1731 credere
503 1689 569 1732 non
592 1669 739 1733 simulari
757 1669 976 1734 valitudinem.
1010 1668 1105 1754 Ita,8

70 1755 120 1837 qui
148 1757 227 1836 post
247 1753 389 1820 Dareum
415 1756 536 1820 vietum
564 1755 707 1821 hariolos
733 1761 766 1820 et
791 1761 880 1822 vates
904 1758 1070 1822 consulere

69 1842 220 1925 desierat,
251 1865 361 1907 rursus
384 1842 422 1907 ad
447 1843 723 1927 superstitionem,
749 1845 961 1910 humanarum
980 1867 1069 1910 men·

68 1931 148 1994 tium
166 1930 319 2013 ludibria,
337 1931 501 1996 revolutus
519 1931 760 2015 Aristandrum,
778 1933 830 1997 oui
848 1934 1070 1998 credulitatem

69 2039 159 2082 suam
190 2019 369 2102 addixerat,
400 2020 566 2102 explorare
594 2023 744 2084 eventum
771 2043 878 2086 rerum
905 2022 1069 2086 sacrificiis

67 2107 164 2171 iubet.
204 2105 276 2172 Mos
300 2111 371 2171 erat
392 2106 616 2190 haruspicibus
640 2111 713 2171 exta
736 2108 804 2174 sine
826 2128 903 2193 rege
926 2115 1070 2194 spectare

68 2197 112 2278 et,
135 2216 217 2278 quae
234 2195 512 2278 portenderentur,
534 2195 661 2260 referre.
696 2195 785 2261 Inter
802 2197 882 2262 haec
900 2220 972 2283 rex,
994 2198 1070 2262 dum
1088 2219 1104 2266 9

67 2282 157 2347 fibris
183 2283 341 2367 pecudum
369 2284 576 2366 explorantur
604 2287 735 2349 eventus
762 2286 933 2351 latentium
954 2308 1070 2369 rerum,

66 2371 197 2454 propius
215 2371 323 2457 ipsum
341 2371 503 2436 considere
522 2371 662 2454 [deinde]
682 2373 803 2438 amicos
821 2375 919 2458 iubet,
936 2395 977 2438 ne
997 2396 1071 2439 con·

1 2459 2 2526 Ϊ
66 2460 211 2523 tentione
242 2459 330 2524 vocis
362 2459 544 2524 cicatricem
574 2460 736 2524 infirmam
766 2462 869 2526 adhuc
899 2465 1071 2544 rumperet

1 2587 2 2600 κ
66 2545 276 2631 Hephaestio,
294 2545 447 2613 Craterus
466 2551 499 2612 et
510 2546 666 2632 Erigyius
684 2553 778 2613 erant
794 2571 866 2613 eum
884 2547 1069 2612 custodibus

1 2655 2 2664 ¹
66 2635 102 2698 in
132 2635 374 2700 tabernaculum
406 2634 547 2700 admissi.
600 2634 814 2720 ‘Discrimen',
848 2635 967 2719 inquit,
1003 2634 1070 2700 ‘me
1089 2654 1122 2702 10

1 2741 2 2750 ¹
66 2725 236 2806 occuparit
258 2723 391 2788 meliore
412 2723 569 2806 hostiurn,
591 2746 688 2808 quam
718 2744 789 2788 meo
812 2726 965 2806 tempore.
1008 2722 1071 2789 Sed

65 2811 241 2876 necessitas
269 2815 344 2876 ante
370 2811 527 2876 rationem
555 2815 618 2896 est,
648 2813 787 2876 maxime
814 2812 848 2874 in
874 2811 975 2896 bello,
1006 2832 1069 2896 quo

64 2921 140 2965 raro
167 2898 367 2982 permittitur
393 2903 539 2983 tempora
563 2900 692 2984 legere.⁴
722 2898 875 2963 Defecere
896 2899 1071 2984 Bactriani,
1091 2919 1122 2967 11

1 3003 2 3006 ’
65 2988 100 3051 in
127 3009 264 3071 quorum
292 2987 467 3052 cervicibus
496 2991 630 3066 stamus,
658 2990 703 3069 et,
732 2989 887 3071 quantum
914 2987 950 3052 in
975 2989 1070 3053 nobis

64 3075 167 3140 animi
185 3076 242 3158 sit,
265 3075 370 3140 alieno
391 3073 496 3140 Marte
519 3075 732 3158 experiuntur.
766 3074 863 3139 Haud
885 3075 983 3141 dubia
1005 3076 1071 3140 for·

64 3169 153 3228 tuna
200 3162 236 3228 si
262 3163 464 3228 omiserimus
492 3161 625 3246 Scythas
652 3164 738 3228 ultro
767 3186 857 3229 arma
887 3164 1070 3248 inferentes,

65 3252 243 3335 contempti
261 3253 302 3316 ad
319 3252 409 3335 illos,
428 3251 483 3335 qui
499 3250 696 3336 defecerunt,
713 3256 924 3316 revertemur:
948 3251 1070 3316 sivero
1090 3270 1122 3318 12

65 3339 204 3404 Tanaim
226 3340 449 3404 transierimus
473 3342 507 3402 et
528 3340 644 3422 ubique
666 3339 803 3405 invictos
827 3362 896 3404 esse
918 3361 978 3404 nos
995 3336 1071 3423 Scy-

63 3429 193 3493 tharum
218 3427 357 3510 pernicie
378 3449 415 3492 ao
433 3427 589 3512 sanguine
613 3428 859 3510 ostenderimus,
884 3428 955 3512 quis
978 3427 1069 3491 dubi-

63 3517 150 3581 tabit
173 3537 285 3600 parere
308 3516 406 3580 etiam
427 3515 577 3598 Europae
599 3515 799 3581 victoribus?
839 3515 990 3598 Fallitur,
1014 3515 1121 3598 quire

62 3604 220 3669 terminos
239 3604 362 3688 gloriae
374 3607 507 3668 nostrae
520 3603 652 3668 metitur
666 3604 780 3689 spatio,
798 3602 883 3688 quod
901 3602 1070 3667 transituri
