2552 4108
196 163 241 228 54
568 164 599 230 Q.
619 165 729 220 CURTI
746 165 833 220 acm

196 311 357 396 egregiam
376 310 411 376 in
429 313 536 395 partes
554 308 649 374 fidem
668 311 700 374 et
718 309 896 393 pecuniam,
919 330 1015 393 quam
1032 307 1068 375 in
1080 309 1209 374 bellum

195 399 421 483 inpenderunt,
456 397 594 464 reddidit
629 401 662 462 et
696 418 848 483 magnam
882 399 1048 481 regionem
1083 397 1209 462 finibus

145 505 178 556 14
196 509 306 554 eorum
334 487 457 552 adiecit
504 483 692 570 Cypriorum
720 507 844 570 quoque
871 485 1012 571 regibus,
1045 487 1105 571 qui
1137 491 1210 551 ota

195 573 300 642 Dareo
326 576 508 641 defecerant
530 574 571 638 ad
592 575 698 657 ipsum
720 578 753 639 et
775 574 976 660 oppugnanti
998 573 1130 656 Tyrum
1155 575 1210 638 mi-

196 667 305 730 serant
327 664 475 747 classem,
496 683 555 747 pro
578 663 692 727 merito
715 661 819 727 honos
841 662 971 727 habitus
993 665 1053 726 est.

145 771 176 820 15
281 751 499 834 Amphoterus
532 750 657 833 deinde,
689 751 800 816 classis
830 749 1021 834 praefectus,
1054 749 1097 814 ad
1131 751 1210 815 libe·
1262 794 1263 825 ,

193 839 328 905 randum
358 836 486 904 Oratam
516 839 633 904 missus
665 875 707 886 —
738 860 876 922 namque
909 841 941 902 et
966 837 1147 903 Persarum
1181 843 1210 902 et

194 925 425 1011 Spartanorum
448 927 544 992 armis
562 928 712 1012 pleraque
734 927 802 992 eius
824 927 950 992 insulae
972 926 1209 992 obsidebantur

197 1051 235 1062 -
264 1018 339 1080 ante
371 1015 480 1082 omnia
510 1037 597 1081 mare
629 1038 649 1080 a
679 1015 821 1099 piraticis
853 1015 1007 1080 classibus
1037 1016 1209 1081 vindicare
1262 1076 1263 1107 ,

193 1104 314 1169 iussus:
350 1104 467 1189 quippe
495 1105 668 1171 obnoxium
694 1103 909 1188 praedonibus
932 1106 1001 1168 erat
1022 1104 1058 1168 ia
1081 1105 1207 1169 bellum

143 1213 175 1260 la
194 1195 330 1276 utroque
356 1213 431 1278 rege
459 1214 621 1259 converso.
665 1190 726 1256 His
749 1192 924 1276 conpositis
946 1190 1081 1256 Herculi
1105 1193 1207 1276 Tyrio

194 1300 232 1344 ex
255 1301 333 1345 auro
357 1283 513 1345 crateram
535 1302 607 1345 oum
629 1297 700 1344 xxx
722 1282 841 1364 pateris
865 1280 995 1344 dicarit:
1025 1280 1206 1346 inminens·
1262 1270 1263 1293 ¹

194 1388 254 1452 que
277 1366 382 1434 Dareo
406 1369 447 1433 ad
468 1368 656 1448 Euphraten
678 1368 739 1432 iter
760 1369 963 1452 pronuntiari
984 1367 1091 1434 iussit

615 1524 694 1592 (lar.
715 1525 771 1591 IX.

160 1653 173 1700 1
280 1631 325 1698 At
351 1631 488 1716 Dareus,
521 1653 592 1696 cum
618 1631 766 1717 Aegypto
799 1632 971 1697 devertisse
997 1632 1032 1696 in
1054 1627 1239 1700 Africamti

192 1723 319 1787 hostem
341 1720 550 1805 conperisset,
581 1720 793 1803 dubitaverat,
820 1724 968 1785 utrumne
991 1721 1074 1785 circa
1097 1721 1204 1788 Meso·

192 1811 368 1894 potamium
395 1809 596 1893 subsisteret,
628 1829 671 1872 an
697 1808 850 1873 interiora
875 1809 968 1894 regni
996 1809 1045 1873 sui
1067 1814 1202 1893 peteret,

192 1899 278 1963 haud
307 1898 400 1962 dubie
427 1897 590 1982 potentior
617 1899 727 1962 auctor
753 1918 904 1980 praesens
927 1897 1052 1961 futurus
1076 1899 1202 1964 ultimis
1262 1910 1263 1917 ’

193 1985 342 2070 gentibus
373 1986 499 2069 inpigre
530 1985 651 2049 bellum
681 1985 879 2068 capessendi,
911 2007 990 2068 quas
1021 2005 1118 2070 aegre
1147 2009 1204 2072 per
1262 2018 1263 2064 y

158 2091 173 2141 a
193 2071 371 2156 praefectos
394 2094 468 2137 suos
491 2073 690 2137 moliebatur.
726 2071 788 2138 Sed
809 2076 846 2137 ut
866 2073 989 2138 idoneis
1013 2076 1201 2140 auctoribus

192 2161 280 2224 fama
302 2158 455 2245 vulgavit,
476 2159 693 2224 Alexandrum
711 2182 783 2226 oum
799 2161 945 2226 omnibus
959 2161 1069 2246 copiis,
1088 2184 1202 2247 quam·
1262 2212 1263 2243 ,

193 2269 327 2332 cumque
349 2248 418 2332 ipse
441 2247 562 2312 adisset
582 2249 757 2334 regionem,
780 2249 967 2333 petiturum:
999 2250 1086 2314 haud
1107 2251 1201 2338 igna-

192 2359 256 2422 rus,
279 2358 376 2421 quam
399 2358 471 2399 cum
492 2338 621 2400 strenuo
639 2357 690 2400 res
708 2341 800 2422 esset,
823 2339 932 2402 omnia
949 2338 1200 2424 longinquarum
1262 2408 1263 2415 ,

215 2425 336 2491 entium
361 2424 479 2490 auxilia
496 2424 705 2508 Babyloniam
728 2426 874 2490 contrabi
896 2426 996 2490 iussit
1031 2425 1200 2493 Bactriani

192 2446 392 2600 §cythaeque
428 2517 461 2578 et
490 2512 565 2577 lndi
596 2518 824 2578 convenerant:
860 2514 925 2578 iam
956 2517 989 2579 et
1021 2517 1199 2581 ceterarum

157 2605 337 2690 agentium
369 2603 479 2688 copiae
509 2601 657 2685 partibus
690 2601 784 2667 simul
816 2601 995 2666 adfuerunt.
1048 2601 1198 2670 Ceterum

192 2715 264 2757 cum
296 2691 426 2757 dimidio
457 2691 556 2756 ferme
588 2690 690 2754 maior
722 2693 806 2754 esset
837 2690 1003 2773 exereitus,
1037 2713 1136 2775 quam
1166 2693 1198 2756 in

192 2777 305 2844 Cilicia
326 2779 440 2863 fuerat,
462 2779 572 2843 multis
596 2800 685 2842 arma
707 2778 846 2861 deerant,
869 2799 950 2863 quae
973 2800 1099 2844 summa
1122 2801 1197 2844 cura

192 2867 459 2950 conparabantur.
511 2866 684 2951 Equitibus
715 2867 866 2950 equisque
892 2869 1079 2952 tegumenta
1107 2870 1197 2933 erant

191 2976 230 3020 ex
251 2953 362 3019 ferreis
384 2954 547 3019 lamminis
570 2955 650 3019 serie
672 2954 757 3018 inter
779 2975 812 3018 se
835 2955 977 3020 conexis:
1006 2955 1078 3040 quis
1102 2960 1196 3020 antea

190 3045 318 3128 praeter
339 3041 445 3107 iacula
466 3042 549 3107 nihil
566 3042 704 3126 dederat,
727 3045 817 3106 scuta
836 3043 997 3128 gladiique
1017 3043 1195 3108 adicieban-

156 3136 256 3199 4tur:
289 3151 505 3216 equorumque
531 3129 684 3195 domandi
712 3149 824 3216 greges
851 3131 1011 3214 peditibus
1034 3131 1195 3196 distributi

192 3222 280 3302 sunt,
302 3222 339 3283 ut
360 3217 464 3283 maior
485 3218 622 3301 pristino
645 3222 730 3283 esset
751 3220 925 3302 equitatus:
950 3219 1138 3304 ingensque,
1160 3222 1194 3284 ut

191 3307 377 3391 crediderat,
398 3306 540 3371 hostium
557 3308 668 3391 terror,
688 3306 841 3372 ducentae
859 3307 995 3372 falcatae
1014 3309 1193 3393 quadrigae,

155 3396 320 3470 sunicum
347 3396 475 3459 illarum
503 3393 648 3479 gentium
676 3395 841 3479 auxilium,
869 3399 995 3461 secutae
1018 3400 1102 3461 sunt.
1144 3396 1193 3461 Ex

190 3506 315 3552 summo
333 3486 461 3548 temone
476 3482 589 3547 hastae
602 3483 759 3565 praefixae
772 3483 856 3548 ferro
872 3485 1064 3568 eminebant,
1086 3485 1191 3548 utrim-

190 3595 251 3658 que
287 3595 307 3638 a
342 3573 419 3658 iugo
449 3575 558 3636 ternos
591 3570 771 3635 direxerant
801 3573 938 3658 gladios,
973 3572 1058 3637 inter
1088 3573 1191 3636 radios
