2600 4096
189 174 256 240 228
560 174 593 240 Q.
611 173 825 230 1111111111

190 320 320 404 singula
341 319 655 384 circumvenirentur.
688 317 804 403 Itaque
821 335 885 384 v111
907 318 1039 384 milibus
1062 341 1202 384 suorum

141 419 172 469 ra
190 409 318 472 amissis
348 408 385 472 in
416 407 569 492 oppidum
599 407 796 493 refugerunt
846 406 982 474 Postero
1014 407 1064 472 die
1096 409 1201 473 scalis

190 495 329 581 undique
356 495 495 561 admotis
518 496 602 560 muri
630 499 837 579 occupantur.
876 493 992 560 Paucis
1019 497 1202 580 pernicitas

191 585 289 650 saluti
314 583 391 666 fuit,
418 584 473 667 qui
495 584 624 668 cognito
648 584 738 648 urbis
761 583 885 648 excidio
911 582 1062 666 paludem
1088 588 1203 650 trans-

189 694 306 738 navere
323 677 352 738 11
368 673 402 736 in
420 672 526 736 vicina
544 670 665 756 oppida
684 671 849 758 ingentem
867 672 1007 736 intulere
1028 676 1203 757 terrorem,

190 761 347 826 invictum
370 760 545 824 exercitum
567 765 602 824 11
623 759 754 825 deorum
775 759 922 842 profecto
942 758 1109 826 advenises
1127 783 1203 826 me·

191 852 361 913 morantes.

120 950 172 998 v19
277 935 461 1000 Alexander
483 936 524 1000 ad
546 935 736 1001 vastandam
758 956 831 1000 eam
852 937 1019 1022 regionem
1042 935 1238 1006 Perdiccae

191 1045 263 1089 cum
285 1024 432 1108 expedita
462 1046 559 1090 manu
585 1025 685 1090 misso
712 1027 839 1106 partem
864 1025 1030 1108 copiarum
1056 1025 1204 1090 Eumeni

190 1110 339 1197 tradidit,
311 1116 407 1177 tut
433 1112 461 1177 is
489 1134 614 1196 quoque
645 1111 801 1177 barbaros
829 1111 871 1177 ad
900 1112 1095 1180 deditionem
1120 1135 1203 1179 con-

190 1162 339 1283 pelleret}
372 1201 443 1285 ipse
474 1205 597 1265 ceteros
628 1199 671 1264 ad
700 1200 814 1264 urbem
848 1201 1003 1280 validam,
1031 1202 1067 1266 iu
1098 1223 1203 1285 quam

139 1288 329 1391 1111111111
351 1310 477 1390 quoque
498 1289 709 1374 confugerant
729 1289 867 1371 incolae,
892 1289 992 1354 duxit
1033 1288 1204 1373 Oppidani

191 1377 313 1460 missis,
335 1377 391 1461 qui
412 1396 523 1460 regem
541 1377 801 1478 deprecarentur,
819 1339 922 1444 nihilo
940 1378 1047 1444 minus
1071 1377 1204 1444 bellum

190 1466 358 1548 parabant
401 1464 526 1548 Quippe
549 1469 621 1530 orta
647 1465 795 1529 seditio
785 1486 820 1529 m
842 1465 969 1531 diversa
990 1465 1124 1532 consilia
1150 1467 1204 1532 di-

191 1553 325 1619 duxerat
342 1553 488 1638 vulgum:
512 1552 570 1617 alii
588 1553 696 1618 omnia
718 1553 877 1618 deditione
899 1554 1040 1637 potiora,
1063 1552 1203 1638 quidam

138 1643 313 1707 1111111111
339 1663 434 1724 opem
459 1639 494 1706 in
520 1641 599 1724 ipsis
622 1663 691 1706 esse
717 1641 886 1705 ducebant
924 1639 987 1708 Sed
1009 1643 1085 1708 dum
1108 1643 1202 1711 nihil

190 1730 225 1794 in
263 1750 432 1795 commune
471 1730 661 1811 consulitur,
697 1731 752 1813 qui
792 1729 947 1795 deditioni
981 1731 1202 1814 inminebant,

138 1831 172 1879 11
191 1818 312 1902 apertis
334 1819 437 1901 portis
454 1817 583 1883 hostem
600 1817 767 1901 recipiunt.
799 1818 981 1882 Alexander
997 1841 1202 1903 quamquam

190 1906 268 1970 belli
299 1906 482 1972 auctoribus
508 1905 577 1969 iure
607 1910 736 1989 poterat
766 1906 876 1988 irasci,
906 1909 1017 1970 tamen
1043 1907 1201 1974 omnibus

189 1995 285 2059 venia
307 1994 438 2059 datae
460 1993 625 2059 obsidibus
647 1994 787 2077 acceptis
811 1994 851 2057 ad
875 1995 1057 2076 proximam
1080 1995 1201 2062 deinde

189 2081 303 2146 urbem
325 2085 431 2146 castra
452 2081 563 2147 movit.
597 2080 732 2147 Obsides
754 2081 955 2146 ducebantur
975 2086 1049 2148 ante
1068 2103 1201 2166 agmen„

190 2167 279 2244 Quos
290 2189 363 2233 cum
378 2191 417 2233 ex
429 2170 530 2234 muris
544 2169 781 2254 adgnouissent,
793 2174 907 2254 utpote
920 2171 1028 2257 gentis
1042 2171 1201 2276 ciusdem,

137 2258 224 2322 13111
254 2256 459 2340 conloquium
486 2261 748 2323 convocareumt
796 2257 851 2322 Illi
877 2258 1083 2324 clementiam
1105 2262 1199 2345 regis

190 2345 349 2430 simulque
371 2344 438 2410 rim
461 2346 740 2411 commemorando
762 2344 803 2410 ad
826 2345 923 2411 dedit
899 2350 1020 2412 tronem
1042 2369 1098 2414 eos
1121 2370 1200 2414 con-

189 2433 313 2518 pulere:
335 2436 522 2516 ceterasque
539 2436 635 2499 urbes
654 2434 753 2498 simili
771 2434 867 2499 modo
885 2435 1052 2500 domitas
1041 2457 1077 2500 m
1096 2435 1199 2503 fidem

190 2544 263 2589 acce
287 2524 322 2588 it.

136 2623 171 2670 14
264 2545 396 2678 pHinc
385 2613 421 2677 iu
446 2631 580 2697 regnum
604 2608 748 2694 Sopithis
777 2615 910 2695 pervent
910 2633 965 2676 um
991 2615 1051 2677 est
1095 2611 1187 2680 Gens
1188 2633 1233 2701 5

187 2703 224 2763 ut
242 2701 372 2764 barbari
385 2700 518 2765 credunt
521 2697 708 2784 ,sapientia
720 2699 855 2764 excellet
840 2700 1028 2784 tbonisque
1046 2667 1197 2769 moribus²

136 2797 169 2845 25
188 2786 320 2868 regitur.
356 2786 488 2853 Genitos
508 2750 646 2852 liberos
644 2808 709 2851 non
731 2791 900 2871 parentum
919 2788 1054 2854 arbitrio
1073 2790 1197 2856 tollunt

189 2873 357 2958 aluntque,
380 2876 437 2940 sed
454 2898 577 2959 eorum,
600 2875 715 2958 quibus
735 2877 902 2958 spectandi
922 2877 1083 2942 infantum
1101 2878 1196 2944 habi-

187 2967 258 3026 tum
285 2983 361 3027 cura
385 2965 537 3029 mandata
565 2967 622 3028 est.
600 2959 703 3028 tsi
729 2986 809 3048 quos
837 2964 981 3048 insignes
1004 2968 1062 3030 aut
1085 2967 1195 3051 aliqua

188 3053 280 3134 parte
303 3051 521 3117 membrorum
544 3052 675 3117 inutiles
702 3055 909 3131 notaverunt,
935 3054 1043 3118 necari
1070 3054 1196 3121 iubent.

136 3149 170 3198 11
187 3138 318 3222 Nuptiis
351 3143 466 3204 coeunt
491 3161 558 3204 non
588 3160 706 3242 genere
737 3162 774 3206 11
804 3102 976 3206 nobilitate
1005 3142 1196 3228 coniunctis,

189 3226 244 3291 sed
263 3227 364 3292 111111
386 3247 556 3310 corporum
578 3228 697 3312 specie,
719 3229 794 3312 quia
812 3230 923 3295 eadem
946 3230 1168 3296 aestimatur
1156 3252 1195 3297 111

136 3323 169 3373 11
188 3313 308 3381 liberis.
333 3314 438 3380 Huius
453 3316 558 3401 gentis
573 3316 735 3400 oppidum,
749 3339 798 3382 cur
790 3317 991 3382 Alexander
1005 3318 1194 3386 admoverat

188 3401 310 3486 copias,
346 3403 424 3468 ab
414 3425 485 3487 ipso
514 3401 646 3487 Sopithe
674 3404 888 3470 obtinebatur.
934 3403 1070 3472 Clausae
1099 3412 1195 3474 eraut

187 3491 1194 3667 111111111111111111111111
