2582 4098
219 206 283 271 122
589 207 621 274 Q.
641 207 752 264 contu
769 209 855 264 RUFI

642 405 722 470 Cas.
744 403 801 470 IV.

183 542 197 590 ι
306 527 439 594 Summa
460 527 547 592 milit
547 549 601 592 um
625 528 740 593 alaerit
727 532 793 593 tate
811 528 924 594 iubent
909 528 1000 613 tium,
1023 549 1226 614 quocumque
1236 530 1265 593 10

180 617 316 682 avellet
337 617 480 698 duceret,
508 619 580 680 orat
580 616 610 682 io
639 621 753 701 excep
755 639 774 680 a
800 621 859 682 est.
836 615 972 682 tNec
999 638 1057 682 rex
1078 623 1226 682 moratus

216 706 386 789 impetum:
415 703 574 788 tertioque
601 725 659 788 per
680 704 875 770 Parthienen
899 704 950 769 die
972 703 1013 770 ed
1035 706 1117 770 fines
1141 705 1227 790 Hyr-

218 795 328 859 caniae
348 796 499 876 penetrat
517 789 651 858 Cratero
673 793 785 858 relicto
808 813 881 858 cum
904 793 946 858 iis
968 793 1082 877 copiis,
1107 793 1225 878 quibus

216 886 373 965 praeerat,
396 883 429 945 et
451 903 489 945 ea
510 902 617 962 manu,
639 902 731 964 quan
754 881 914 964 Amyntas
938 881 1083 965 ducebat,
1106 882 1226 946 additis

217 985 264 1034 no
291 969 451 1052 equitibus
475 971 509 1034 e
530 971 582 1032 tot
567 930 666 1033 tidem
689 970 881 1053 sagittariis,
907 972 945 1034 ιιι
972 969 1050 1034 ab
1040 971 1225 1036 meursione

181 1057 427 1122 sbarbarorum
458 1057 655 1122 Parthienen
690 1060 842 1122 tueretur.
899 1057 1070 1143 Erigyium
1102 1058 1226 1141 inpedi-

218 1149 326 1210 menta
349 1145 474 1210 modico
498 1145 657 1229 pracsidio
681 1145 757 1210 dato
780 1146 952 1230 campestri
973 1146 1090 1210 itinere
1111 1146 1226 1212 ducere

217 1232 315 1298 iubet.
351 1231 424 1317 Ipse
447 1254 519 1299 cum
537 1233 697 1318 phalange
717 1237 749 1298 et
767 1233 913 1318 equitatu
932 1251 974 1300 cn
993 1234 1099 1299 stadia
1119 1255 1225 1298 emen-

218 1342 272 1385 sus
291 1325 397 1386 cestra
418 1323 452 1388 in
475 1322 570 1406 valle,
592 1343 655 1405 qna
672 1320 869 1406 Hyrcaniam
888 1322 1014 1404 adeunt,
1038 1324 1225 1388 communit

217 1407 339 1475 Nemus
370 1410 523 1492 praealtis
554 1410 724 1493 densisque
756 1411 924 1476 arboribus
956 1411 1146 1476 umbrosum
1174 1415 1280 1476 est

216 1498 338 1583 pingue
360 1497 455 1563 vallis
479 1498 583 1563 solum
605 1498 786 1581 rigantibus
814 1498 920 1600 aquis,
947 1520 1028 1582 quae
1056 1520 1096 1563 ex
1122 1500 1224 1582 petris

179 1585 457 1651 nimminentibus
489 1589 630 1651 manant.
681 1587 773 1651 Ex
763 1588 843 1670 rpsis
874 1586 1036 1651 radicibus
1064 1587 1225 1651 montium
1279 1611 1280 1674 ι

216 1673 358 1740 Ziobetis
377 1674 481 1739 amnis
499 1674 680 1759 effunditur,
703 1675 758 1758 qui
775 1676 840 1739 tria
855 1673 923 1739 fere
942 1675 1074 1739 stadia
1064 1697 1100 1740 ιιι
1117 1676 1280 1759 longi

215 1763 360 1828 tudinem
387 1762 553 1828 universus
580 1763 665 1845 fluit,
691 1763 804 1827 deinde
832 1784 923 1847 saxo,
951 1762 1035 1846 quod
1061 1764 1225 1829 alveolum

216 1851 414 1935 interpellat,
445 1872 651 1934 repercussus
677 1851 720 1916 du
768 1852 886 1916 itinera
911 1852 999 1915 velut
1024 1850 1222 1934 dispensetis

181 1939 308 2022 saquis
333 1940 445 2022 aperit.
488 1938 565 2004 Inde
592 1944 719 2004 torrens
743 1943 775 2003 et
797 1961 960 2022 saxorum,
988 1961 1047 2023 per
1069 1961 1154 2022 quae
1176 1941 1222 2004 in·

218 2027 325 2109 currit,
344 2027 516 2109 asperitate
534 2027 706 2092 violentior
724 2030 844 2091 terram
861 2047 1014 2112 praeceps
1029 2028 1130 2092 subit.
1164 2027 1223 2092 Per
1278 2035 1279 2058 ¹

218 2130 280 2178 cco
308 2114 415 2178 stadia
442 2115 589 2178 conditus
618 2115 739 2180 labitur
768 2136 942 2198 rursusque
969 2116 1059 2179 velut
1091 2137 1130 2180 ex
1159 2115 1222 2181 alio

182 2219 198 2266 o
217 2202 307 2266 fonte
321 2207 494 2285 conceptus
509 2202 614 2267 editur
627 2206 660 2266 et
672 2224 791 2267 novum
810 2203 934 2267 alveum
949 2203 1097 2286 intendit,
1113 2205 1222 2287 priore

219 2289 269 2353 sui
292 2292 384 2371 parte
407 2290 589 2374 spatiosior,
612 2291 731 2375 quippe
754 2292 788 2354 iu
805 2291 1010 2356 latitudinem
1028 2309 1053 2355 x
1071 2295 1105 2355 et
1122 2293 1222 2356 trium
1277 2349 1278 2360 ,

217 2377 396 2442 stadiorum
427 2377 625 2461 diffunditur,
657 2400 830 2462 rursusque
862 2379 1105 2463 angustioribus
1136 2401 1221 2446 coer-

217 2466 300 2531 citus
332 2466 411 2550 ripis
443 2466 506 2531 iter
538 2467 634 2551 cogit.
687 2465 831 2532 Tandem
857 2468 892 2531 in
923 2467 1061 2531 alterum
1093 2489 1221 2534 emnem

181 2554 315 2621 scadit:
337 2555 486 2642 Ridagno
509 2576 626 2620 nomen
650 2559 708 2620 est.
752 2555 881 2620 Incolae
904 2555 1133 2639 adfirmabant,
1158 2558 1221 2641 qui·

218 2666 352 2728 cumque
371 2644 504 2709 demissi
527 2647 634 2708 essent
656 2644 690 2706 in
712 2664 890 2722 cavernam,
913 2665 994 2728 quae
1017 2644 1154 2726 propior
1176 2647 1222 2709 est

216 2733 313 2815 fonti,
339 2754 464 2815 rursus,
496 2732 553 2796 ubi
580 2732 667 2796 aliud
695 2753 731 2796 os
758 2733 862 2795 amnis
885 2732 1042 2816 aperitur,
1074 2732 1221 2797 existere.

216 2819 330 2903 ltaque
357 2819 540 2885 Alexander
566 2820 662 2903 duos,
694 2840 757 2903 qua
789 2820 927 2884 subeunt
958 2841 1060 2904 aquae
1091 2823 1221 2903 terram,

218 2907 426 2991 praecipitari
444 2909 543 2992 iubet,
562 2930 698 2993 quorum
712 2928 855 2991 corpora,
872 2908 928 2973 ubi
946 2929 1057 2974 rursus
1074 2910 1221 2992 erumpit,

217 2995 350 3079 expulsa
372 2996 493 3080 videre,
516 2999 572 3081 qui
594 2997 687 3061 missi
710 2998 815 3080 erant,
837 2998 875 3061 ut
896 2996 1090 3079 exciperent.

181 3102 197 3150 8
306 3083 462 3159 Quartum
493 3085 560 3148 iarn
591 3084 677 3149 diem
709 3082 819 3148 eodem
848 3085 920 3150 loco
954 3085 1094 3168 quietern
1124 3084 1219 3149 militi
1229 3081 1251 3145 ll

108 3169 110 3173 ’
217 3172 359 3254 dederat,
391 3193 462 3236 cnm
494 3171 620 3237 litteras
650 3171 864 3257 Nabarzanis,
895 3172 951 3257 qui
977 3171 1121 3237 Dareum
1149 3193 1219 3237 oum

216 3259 316 3325 Besso
347 3261 576 3345 interceperat,
612 3261 743 3344 accipit,
780 3282 915 3345 quarum
948 3260 1112 3326 sententia
1141 3261 1219 3325 haec

217 3352 300 3413 erat·
324 3371 357 3413 se
373 3347 481 3413 Dareo
498 3369 565 3414 non
582 3349 683 3414 fnisse
701 3348 877 3450 inimicum,
895 3349 994 3413 immo
1014 3349 1122 3432 etiarn,
1140 3369 1218 3433 quae

216 3436 406 3503 credidisset
437 3437 532 3503 utilia
559 3459 642 3521 esse,
674 3437 813 3502 suasisse
842 3441 887 3522 et,
919 3437 993 3520 quia
1025 3436 1120 3501 fidele
1148 3457 1218 3502 con·

183 3525 325 3593 tsilium
348 3527 418 3611 regi
441 3526 594 3610 dedisset,
620 3547 720 3609 prope
749 3527 888 3591 occisum
912 3526 952 3590 ab
976 3546 1023 3591 eo.
1069 3524 1218 3610 Agitasse

216 3613 371 3688 Dareum,
408 3614 586 3678 custodiam
623 3613 765 3693 corporis
798 3615 847 3678 sui
884 3613 1038 3678 contra
1028 3635 1078 3678 rus
1108 3613 1217 3696 fasque
