2552 4108
267 228 521 286 HISTORIARUM
538 227 751 283 ALEXANDRI
768 227 820 297 III,
839 232 864 283 5.
883 233 907 281 6.
1051 226 1090 288 11

83 373 176 438 dicos
203 394 270 438 non
297 375 467 458 expectant
491 376 638 456 tempora
667 393 751 436 mea:
786 371 838 436 vel
860 370 942 436 mori
964 372 1093 436 strenue

84 483 185 546 quam
206 461 296 526 tarde
320 463 539 526 convalescere
561 461 640 525 mihi
662 461 776 525 melius
800 463 857 524 est
896 458 1042 544 Proinde,
1065 461 1093 525 si

84 549 165 634 quid
187 551 266 634 opis,
289 549 316 614 si
338 549 415 633 quid
438 549 516 614 urtis
538 549 574 612 in
595 549 727 613 medicis
744 551 802 632 est,
824 547 935 627 sciant,
957 567 1008 610 me
1026 569 1093 612 non

83 641 156 702 tam
177 637 290 703 mortis
313 659 410 722 quam
431 637 508 703 belli
529 638 704 702 remedium
721 635 891 720 quaerere?
922 634 1093 720 Ingentem
1112 655 1145 703 14

85 725 237 791 omnibus
259 725 440 791 incusserat
457 747 566 790 curam
583 729 652 790 tam
668 746 821 809 praeceps
838 725 1002 788 temeritas
1016 724 1094 788 eius.

84 813 177 900 Ergo
203 835 262 897 pro
289 835 323 878 se
346 814 480 898 quisque
502 815 626 896 precari
648 834 793 898 coepere,
824 834 865 876 ne
887 810 1093 877 festinatione

86 902 266 986 periculum
288 906 433 987 augeret,
463 903 518 967 sed
541 905 626 967 esset
646 903 681 966 in
702 904 862 986 potestate
884 900 1094 965 medentium:

85 992 255 1074 inexperta
288 989 428 1055 remedia
460 990 547 1055 baud
577 989 695 1054 iniuria
725 990 804 1074 ipsis
836 1009 904 1054 esse
936 992 1094 1072 suspecta,
1115 1007 1146 1056 15

86 1100 162 1144 cum
189 1079 229 1144 ad
255 1078 429 1162 perniciem
457 1078 525 1143 eius
550 1078 647 1143 etiam
674 1078 814 1142 alatere
836 1077 938 1160 ipsius
960 1076 1095 1160 pecunia

86 1166 277 1232 sollicitaret
297 1167 411 1232 bostis.
453 1166 577 1251 Quippe
599 1164 723 1231 Dareus
745 1165 833 1230 mille
854 1165 977 1230 talenta
998 1165 1094 1230 inter·
1115 1184 1147 1233 re

85 1253 203 1320 fectori
215 1253 392 1318 Alexandri
414 1254 562 1319 daturum
586 1275 620 1320 se
637 1253 840 1338 pronuntiari
857 1254 1003 1318 iusserat.
1031 1253 1095 1319 Ita-

87 1363 151 1427 que
176 1364 218 1407 ne
242 1365 393 1408 ausurum
415 1343 543 1427 quidem
566 1364 758 1428 quemquam
780 1341 1022 1406 arbitrabantur
1044 1363 1096 1405 ex·

86 1430 187 1514 periri
212 1431 400 1517 remedium,
428 1431 514 1517 quod
540 1433 672 1515 propter
693 1429 872 1496 novitatem
892 1433 1004 1514 posset
1025 1451 1096 1495 csse

87 1522 282 1602 suspectum

511 1676 589 1744 Gar.
610 1675 667 1742 VI.

30 1787 75 1850 14
176 1781 258 1848 Erat
279 1783 363 1848 inter
384 1783 510 1849 nobiles
532 1783 686 1867 medicos,
715 1803 754 1847 ex
775 1780 965 1847 Macedonia
986 1799 1095 1864 regem
1116 1800 1130 1848 1

85 1873 229 1950 secutus,
260 1869 441 1957 Philippus,
471 1870 603 1935 natione
624 1869 789 1953 Acarnan,
816 1870 897 1934 fidus
925 1868 1096 1933 admodum

86 1959 171 2044 regi:
194 1980 293 2042 puero
316 1981 422 2024 eomes
445 1962 480 2023 ct
497 1962 605 2024 eustos
624 1958 737 2022 salutis
752 1957 846 2022 datus
859 1977 924 2022 non
938 1960 975 2021 ut
987 1977 1096 2041 regem

86 2046 194 2131 modo,
215 2047 271 2112 sed
289 2047 386 2112 etiam
404 2049 442 2111 ut
460 2047 624 2111 alumnum
643 2046 759 2110 eximia
777 2045 910 2110 caritate
933 2043 1097 2129 diligebat

85 2135 120 2200 Is
148 2156 214 2200 non
240 2156 390 2220 praeceps
418 2156 466 2219 se,
498 2135 554 2200 sed
581 2138 745 2199 strenuum
771 2133 947 2198 remedium
974 2133 1130 2199 adferret

84 2225 277 2306 tantamque
295 2223 360 2287 vim
377 2222 482 2288 morbi
503 2223 634 2307 potione
652 2222 810 2287 medicata
826 2222 1007 2287 levaturum
1028 2241 1096 2286 esse

86 2311 246 2396 promisit
281 2308 370 2375 Nulli
387 2311 580 2394 promissum
599 2311 665 2375 eius
683 2311 832 2394 placebat
844 2312 971 2395 praeter
983 2309 1097 2393 ipsum,
1115 2328 1131 2375 3

87 2397 179 2464 euius
193 2398 334 2482 periculo
348 2399 567 2484 pollicebatur.
598 2398 714 2464 Omnia
731 2399 847 2484 quippe
860 2397 986 2463 facilius
1001 2418 1097 2480 quam

85 2508 214 2553 moram
236 2488 360 2571 perpeti
381 2491 520 2573 poterat:
551 2509 641 2552 arma
663 2490 696 2550 et
718 2488 801 2552 acies
823 2486 859 2548 in
882 2485 983 2550 oculis
1006 2487 1098 2548 erant

86 2579 123 2640 et
145 2574 313 2640 victoriam
334 2575 370 2638 in
393 2596 428 2640 eo
444 2576 583 2659 positam
597 2596 665 2640 esse
680 2574 906 2656 arbitrabatur,
929 2573 1097 2636 sitantum

86 2664 165 2728 ante
189 2663 281 2748 signa
304 2666 388 2727 stare
410 2664 580 2748 potuisset,
606 2662 640 2727 id
662 2663 780 2746 ipsum,
808 2660 893 2745 quod
915 2661 991 2743 post
1013 2659 1098 2723 diem

85 2751 221 2816 tertium
252 2751 519 2815 medicamentum
550 2754 735 2835 sumpturus
767 2751 915 2813 esset-
937 2748 985 2812 ita
1011 2747 1098 2813 enim

85 2838 232 2904 medicus
263 2839 466 2924 praedixerat
495 2875 540 2886 -
576 2859 670 2923 aegre
696 2839 811 2901 ferens.
859 2835 950 2900 Inter
977 2835 1056 2901 baec
1079 2854 1134 2903 ar

86 2926 315 3011 Parmenione,
346 2927 502 2992 fidissimo
532 2928 793 3012 purpuratorum,
824 2924 947 2989 litteras
975 2923 1099 3007 accipit,

87 3015 207 3100 quibus
231 3014 260 3079 ei
283 3014 502 3099 denuntiabat,
523 3037 564 3080 ne
587 3016 723 3079 salutem
741 3034 833 3078 suam
846 3011 995 3097 Philippo
1014 3032 1099 3076 com-

87 3103 247 3168 mitteret:
273 3104 361 3168 mille
383 3103 513 3169 talentis
536 3125 556 3168 a
577 3102 684 3167 Dareo
707 3104 740 3166 et
762 3121 817 3185 spe
839 3101 1026 3185 nuptiarum
1048 3120 1098 3164 so·

87 3190 172 3256 roris
201 3191 269 3255 eius
292 3212 361 3256 esse
384 3194 578 3275 corruptum.
621 3190 793 3275 Ingentem
815 3189 923 3253 animo
947 3187 1134 3256 sollicitus

90 3279 199 3344 dinem
228 3278 354 3343 litterae
380 3279 582 3345 incusserant
612 3282 657 3362 et,
689 3277 842 3363 quidquid
867 3277 902 3341 in
929 3279 1099 3360 utramque

90 3373 218 3450 partem
244 3371 301 3431 aut
326 3371 430 3433 metus
459 3370 516 3431 aut
543 3387 614 3450 spes
643 3367 833 3449 subiecerat,
860 3367 983 3429 secreta
1006 3363 1098 3428 aesti-

91 3455 233 3521 matione
255 3456 422 3538 pensabat
452 3454 578 3518 ‘Bibere
601 3475 809 3539 perseverem,
831 3456 877 3537 ut,
900 3453 927 3517 si
941 3471 1134 3519 venenumo

92 3541 203 3607 datum
225 3543 334 3627 fuerit,
356 3564 397 3608 ne
420 3542 580 3608 immerito
603 3542 745 3626 quidem,
767 3539 921 3625 quidquid
943 3539 1100 3623 acciderit,

93 3631 235 3696 evenisse
263 3631 431 3696 videatur?
475 3631 635 3697 Damnem
657 3629 771 3695 medici
793 3628 907 3693 fidem?
940 3629 974 3691 in
995 3627 1100 3690 taber-
