2582 4098
217 212 468 270 fflSTORIARUM
486 213 700 268 ALEXANDRI
716 213 768 284 IV,
788 219 828 269 14.
850 219 891 271 ιι.
1018 211 1059 276 73

31 361 80 426 ut
111 357 317 444 Massagetas
346 359 468 444 equites
496 357 532 423 in
557 359 683 423 laevum
709 355 886 422 Alexandri
913 378 1011 422 cornu
1037 378 1059 424 a

33 449 152 513 latere
176 448 286 512 invehi
306 447 439 512 iuberet.
474 445 547 530 Ipse
570 450 645 512 ante
668 467 701 510 se
717 446 852 510 falcatos
875 467 984 511 currus
1002 446 1093 513 hau

33 536 165 618 bebat,
197 557 277 620 quos
308 537 401 620 signo
431 534 506 600 dato
535 535 701 599 universos
727 535 763 597 in
789 534 916 599 hostem
938 534 1058 599 effudit.

35 623 208 688 Ruebant
231 623 346 688 laxatis
370 622 504 687 habenis
528 623 669 708 aurigae,
701 644 764 707 quo
786 622 893 706 plures
914 622 1059 687 nondum

38 713 131 776 satis
166 713 294 795 proviso
325 712 446 795 impetu
478 711 667 776 obtererent.
719 710 811 775 Alios
841 730 917 795 ergo
945 710 1093 776 hastael

37 801 192 864 multum
222 801 307 864 ultra
337 803 499 864 temonem
528 799 716 883 eminentes,
747 799 827 863 alios
855 799 895 863 ab
922 802 1058 884 utroque

37 889 153 952 latere
181 888 337 952 demissae
364 887 463 952 falces
487 889 675 952 laceravere.
719 885 787 951 Nec
814 887 933 952 sensim
954 886 1058 952 Maee-

41 977 153 1040 dones
181 976 348 1059 cedebant,
380 976 435 1040 sed
462 975 562 1039 effusa
587 974 667 1059 fuga
691 975 900 1040 turbaverant
921 975 1058 1041 ordines.

39 1063 204 1128 Mazaeus
232 1085 356 1148 quoque
382 1063 536 1146 perculsis
562 1066 683 1127 metum
704 1063 841 1127 incussit
861 1063 948 1127 mille
971 1066 1092 1149 equi-o

40 1152 140 1217 tibus
164 1152 205 1216 ad
228 1151 404 1235 diripienda
425 1151 528 1216 hostis
549 1150 766 1235 inpedimenta
786 1151 977 1216 circumvehi
994 1154 1058 1217 ius·

44 1241 112 1325 sia,
141 1243 245 1323 ratus,
272 1239 416 1324 captivos
439 1260 577 1324 quoque,
603 1239 658 1322 qui
681 1239 776 1340 simul
799 1238 1058 1340 adservabantur,

42 1327 1092 1499 {suffitl.tutabaturtillut?tillut:.

44 1526 129 1589 pere
146 1505 246 1590 igitur
258 1503 490 1588 Polydamanta
508 1505 617 1587 mittit,
635 1504 690 1588 qui
708 1506 742 1567 et
757 1503 934 1586 periculum
952 1507 1057 1568 osten·

46 1593 143 1656 deret
165 1595 206 1676 et,
228 1591 304 1677 quid
325 1593 396 1656 fieri
417 1592 541 1656 iuberet
561 1613 624 1675 rex,
646 1592 834 1656 consuleret.
866 1590 925 1656 Ille
949 1591 1092 1658 audito?

45 1680 297 1765 Polydamante,
329 1680 417 1763 nbi,
448 1679 587 1763 nuntia'‚
618 1681 737 1764 inquit,
768 1679 999 1762 Parmenioni,
1030 1681 1058 1744 si

49 1769 121 1833 acie
148 1769 329 1851 vicerimus,
359 1789 428 1833 non
452 1771 564 1832 nostra
590 1769 694 1832 solum
720 1789 780 1832 nos
807 1770 1058 1852 recuperaturos,

49 1856 241 1940 sedetiam,
269 1878 350 1941 quae
376 1856 517 1921 hostium
545 1858 633 1940 sunt,
659 1859 878 1939 occupaturos.
921 1855 1093 1921 Proindes

48 1965 122 2009 non
144 1948 200 2028 est,
223 1944 308 2027 quod
331 1945 500 2028 quicquam
521 1943 637 2008 virium
660 1943 816 2008 subducat
838 1965 876 2008 ex
895 1944 971 2028 acie,
993 1944 1058 2029 sed,

49 2037 91 2097 ut
114 2053 164 2096 me
187 2038 219 2096 et
244 2030 394 2115 Philippo
416 2035 507 2115 patre
535 2031 668 2116 dignum
696 2034 759 2114 est,
786 2034 969 2115 contempto
992 2054 1057 2096 sar-

52 2121 196 2184 cinarum
222 2119 337 2184 damno
360 2120 486 2184 fortiter
509 2117 657 2184 dimicet?
701 2118 836 2183 Interim
858 2120 987 2184 barbari
1009 2121 1057 2184 in·
1077 2138 1093 2186 9

51 2208 237 2292 pedimenta
269 2207 479 2272 turbaverant
508 2207 669 2291 caesisque
700 2208 859 2293 plerisque
891 2208 1058 2274 custodum

53 2296 173 2379 captivi
194 2296 329 2361 vinculis
350 2297 467 2380 ruptis,
490 2295 643 2380 quidquid
666 2296 796 2361 obvium
819 2300 900 2376 erat,
923 2318 987 2381 quo
1010 2319 1058 2360 ar·

53 2384 138 2448 mari
158 2386 299 2468 possent,
322 2385 479 2468 arripiunt
501 2387 535 2448 et
556 2384 722 2469 adgregati
745 2406 874 2449 suorum
898 2385 1058 2468 equitibus

54 2471 246 2537 Macedonas
265 2473 398 2555 ancipiti
416 2473 646 2537 circumventos
664 2473 749 2538 malo
766 2473 931 2537 invadunt.
958 2471 1059 2556 Laeti,
1078 2488 1110 2538 ιο

57 2561 113 2644 qui
140 2559 222 2624 circa
248 2557 454 2644 Sisigambim
481 2563 586 2644 erant,
616 2561 730 2624 vicisse
751 2557 906 2642 Dareum,
934 2560 1060 2643 ingenti

56 2646 150 2713 caede
183 2651 359 2732 prostratos
395 2649 518 2731 hostes,
554 2647 595 2712 ad
628 2648 777 2712 ultimum
809 2648 906 2712 etiam
936 2647 1059 2730 inpedi-

57 2735 172 2801 mentis
195 2739 307 2801 exutos
330 2757 398 2800 esse
420 2737 580 2819 nuntiant,
603 2737 720 2820 quippe
742 2735 876 2800 eandem
895 2735 1060 2802 fortunam

57 2823 172 2907 ubique
199 2844 269 2888 esse
295 2824 468 2888 credebant
494 2828 527 2888 et
548 2824 683 2889 victores
706 2823 821 2888 Persas
845 2822 885 2886 ad
906 2822 1059 2906 praedam

58 2910 248 2976 discurrisse.
285 2910 473 2996 Sisigambis
486 2911 690 2977 hortantibus
704 2911 848 2995 captivis,
866 2914 904 2975 ut
913 2913 1059 2977 animum
1079 2928 1110 2976 11

60 3022 81 3064 a
100 3021 238 3064 maerore
262 2999 435 3084 adlevaret,
465 3000 501 3064 in
527 3000 651 3080 eodem,
683 3021 745 3083 quo
769 3002 864 3064 antea
884 3000 960 3079 fuit,
987 3023 1058 3084 per-

61 3088 219 3153 severavit.
270 3085 347 3152 Non
378 3111 441 3152 vox
471 3088 537 3152 ulla
566 3087 681 3152 excidit
707 3088 749 3170 ei,
780 3109 848 3153 uon
875 3089 940 3152 oris
971 3089 1059 3153 color

60 3176 200 3240 vultusve
222 3179 365 3240 mutatus
388 3179 448 3240 est:
481 3175 563 3239 sedit
584 3175 748 3240 inmobilis
771 3213 814 3222 -
837 3176 944 3258 credo,
968 3198 1058 3259 prae-

62 3265 150 3346 coqui
179 3263 295 3348 gaudio
326 3265 429 3329 verita
459 3263 590 3328 inritare
620 3264 785 3328 fortunam
813 3301 872 3349 -,
903 3263 982 3328 adeo
1013 3267 1059 3348 ut,

63 3351 133 3435 quid
159 3352 283 3436 mallet,
310 3351 509 3417 intuentibus
536 3373 607 3416 eam
633 3352 731 3416 fuerit
756 3352 921 3417 incertum.
969 3351 1060 3416 Inter
1079 3370 1111 3418 ιι

61 3440 136 3503 haec
147 3438 301 3523 Menidas,
319 3439 499 3523 praefectus
512 3441 655 3525 equitum
664 3439 848 3523 Alexandri,
862 3462 934 3505 cum
948 3440 1058 3524 paucis

61 3527 167 3592 turmis
190 3549 284 3612 opem
306 3527 532 3612 inpedimentis
555 3529 677 3594 laturus
700 3529 939 3594 advenerat-
959 3528 1059 3592 incer·

62 3619 127 3680 tum
148 3637 246 3681 suone
269 3617 403 3681 consilio
426 3638 469 3681 an
490 3617 576 3702 regis
599 3617 790 3700 imperio-
806 3616 861 3680 sed
878 3637 946 3680 non
965 3615 1058 3679 rusti·
