2600 4096
283 133 536 190 HISTOBIABUM
554 135 769 190 ALEXANDRI
786 135 847 204 VII,
865 142 889 190 8.
907 89 934 192 Δ4.
1049 135 1111 200 159

96 293 194 360 inter
210 317 245 360 se
262 295 340 381 iuga
358 296 447 361 velut
466 298 547 362 serie
566 297 771 362 cohaerentia
786 300 977 381 perpetuum
992 297 1113 362 habent

99 382 251 467 dorsum,
283 406 322 449 ex
354 407 418 469 quo
450 385 550 451 Asiae
583 386 692 450 omnia
722 385 789 450 fere
816 385 949 449 flumina
981 384 1047 450 alia
1078 386 1113 449 in

98 471 260 555 Rubrum,
282 473 349 539 alia
371 474 406 537 in
429 472 582 559 Caspium
604 495 701 556 mare,
723 473 787 539 alia
810 474 844 538 in
862 472 1061 557 Hyrcanium
1080 476 1113 538 et

99 559 275 626 Ponticum
311 561 472 626 decidunt.
525 580 599 627 xvn
635 563 757 627 dierum
794 563 901 646 spatio
934 559 1113 626 Caucasum
1132 580 1165 630 aa

100 650 272 732 superavit
289 651 456 715 exercitus.
500 650 610 734 Rupes
633 651 668 714 in
691 672 728 715 eo
751 669 775 714 x
796 650 832 715 in
854 649 989 715 circuitu
1007 649 1113 714 stadia

101 739 329 822 conplectitur,
346 755 399 803 1111
415 739 451 803 in
469 738 671 804 altitudinem
691 739 822 823 excedit,
839 739 873 802 in
893 760 956 821 qua
972 738 1113 802 vinctum

100 825 299 891 Promethea
328 825 427 892 fixisse
459 827 636 912 antiquitas
663 827 805 892 tradidit.
853 824 1047 892 Condendae
1078 826 1113 891 in
1131 845 1165 895 2³

100 914 268 980 radicibus
299 915 420 981 montis
451 916 523 980 urbi
550 915 641 980 sedes
669 915 769 979 electa
797 918 854 979 est.
904 933 954 979 vn
982 915 1113 981 milibus

102 1000 336 1068 Caucasiorum
358 1007 391 1068 et
412 1001 624 1068 Macedonum
646 1007 813 1087 praeterea
834 1003 1008 1083 militibus,
1035 1025 1115 1088 quo·

101 1112 174 1156 rum
204 1112 304 1175 opera
330 1091 379 1156 uti
406 1091 557 1176 desisset,
583 1092 775 1176 permissum
802 1092 837 1156 in
863 1112 981 1156 novam
1001 1094 1115 1157 urbem

102 1179 280 1245 considere.
319 1178 413 1246 Hanc
430 1201 557 1266 quoque
579 1180 815 1246 Alexandream
832 1179 956 1244 incolae
976 1181 1114 1264 appella·

101 1274 232 1334 verunt.

529 1407 608 1474 Cur.
631 1409 688 1476 IV.

61 1536 96 1601 15
197 1532 241 1598 At
278 1531 396 1598 Bessus
429 1532 604 1598 Alexandri
639 1534 803 1598 celeritate
838 1533 1028 1617 perterritus
1065 1532 1147 1600 dier

104 1621 224 1706 patriis
253 1621 409 1686 sacrificio
437 1623 499 1686 rite
525 1622 626 1705 facto,
660 1623 744 1687 sicut
770 1621 836 1686 illis
865 1623 1016 1706 gentibus
1044 1642 1114 1686 mos

105 1713 171 1791 est,
196 1731 269 1774 oum
293 1710 405 1774 amicis
428 1709 624 1794 ducibusque
647 1710 811 1792 copiarum
834 1710 919 1774 inter
941 1709 1052 1794 epulas
1075 1709 1114 1773 de

105 1799 193 1862 bello
221 1799 435 1862 consultabat.
481 1797 601 1863 Graves
624 1819 711 1862 mero
739 1819 813 1862 suas
841 1799 925 1862 vires
953 1798 1148 1881 extolleres

105 1887 251 1951 hostium
274 1907 358 1950 nunc
381 1888 614 1968 temeritatem,
637 1907 721 1950 nunc
744 1886 942 1969 paucitatem
965 1907 1114 1969 spernere

106 1975 274 2059 incipiunt.
318 1974 491 2058 Praecipue
510 1973 639 2057 Bessus,
661 1973 752 2038 ferox
770 1974 876 2039 verbis
895 1979 929 2038 et
946 1982 1039 2058 parto
1057 1993 1150 2058 pera

108 2064 209 2127 scelus
242 2083 343 2146 regno
371 2064 527 2146 superbus
558 2084 595 2127 ac
621 2062 677 2126 rix
704 2066 819 2146 potens
847 2064 978 2146 mentis,
1010 2063 1114 2128 dicere

109 2151 246 2216 orditur:
271 2149 434 2215 ‘Socordio
452 2150 551 2216 Darei
570 2151 705 2216 crevisse
723 2151 866 2216 hostium
883 2151 1015 2217 famam.
1056 2149 1114 2215 Oe·
1133 2171 1151 2218 4

109 2241 245 2304 currisse
269 2239 413 2302 enimin
436 2237 569 2305 Ciliciae
591 2239 828 2324 angustissimis
852 2239 1011 2318 faucibus,
1042 2260 1114 2303 eum

109 2327 335 2392 retrocedendo
354 2331 464 2411 posset
482 2329 654 2411 perducere
672 2328 817 2392 incautos
837 2327 872 2392 in
889 2329 961 2392 loca
978 2330 1114 2392 naturae

111 2417 173 2481 situ
191 2419 275 2498 tuta,
292 2419 344 2481 tot
361 2415 547 2481 fluminibus
566 2416 709 2498 obiectis,
727 2419 778 2480 tot
796 2417 953 2480 montium
972 2415 1116 2498 latebris,

16 2585 17 2594 ἵ
109 2505 190 2569 inter
209 2526 289 2588 quas
313 2504 528 2587 deprehensus
550 2503 654 2568 hostis
673 2527 713 2568 ne
728 2504 823 2588 fugae
841 2504 978 2588 quidem,
996 2504 1114 2567 nedum

16 2641 17 2672 ,
110 2591 278 2657 resistendi
307 2593 507 2657 occasionem
533 2593 631 2657 fuerit
657 2593 836 2657 habiturus.
886 2588 957 2656 Sibi
988 2592 1151 2675 placeres

16 2687 17 2766 ζ
109 2682 142 2745 in
170 2679 350 2765 Sogdianos
382 2681 542 2764 recedere,
573 2679 678 2745 Oxum
710 2702 837 2746 amnem
868 2680 957 2744 velut
984 2701 1111 2744 murum

16 2785 17 2856 ᾗ
111 2769 307 2836 obiecturum
336 2769 450 2858 hosti,
469 2770 544 2833 dum
577 2791 615 2832 ex
645 2768 792 2833 finitimis
823 2768 974 2853 gentibus
1006 2768 1113 2833 valida

16 2871 17 2888 ¹
111 2858 229 2922 auxilia
256 2861 487 2922 concurrerent.
530 2855 692 2922 Venturos
721 2860 830 2921 autem
852 2855 1059 2922 Chorasmios
1083 2861 1150 2934 eta

112 2946 221 3010 Dahas
245 2943 405 3030 Sacasque
428 2949 461 3010 et
482 2944 579 3010 Indos
603 2949 636 3010 et
658 2945 744 3009 ultra
766 2945 891 3009 Tanain
914 2967 1041 3009 amnem
1064 2966 1115 3009 co·

16 3027 17 3120 l
111 3035 210 3099 lentes
235 3031 386 3116 Scythas:
414 3055 550 3118 quorum
572 3033 733 3097 neminem
757 3033 835 3098 adeo
858 3034 1013 3098 humilem
1038 3054 1116 3116 esse,

16 3123 17 3160 l
111 3125 148 3188 nt
161 3123 288 3187 humeri
307 3123 375 3186 eius
393 3144 459 3186 non
478 3125 612 3205 possent
625 3121 809 3186 Macedonis
827 3122 941 3187 militis
961 3122 1115 3185 verticem

112 3209 264 3296 aequare’.
310 3208 522 3276 Conclamant
548 3210 730 3294 temulenti,
757 3233 855 3275 unam
882 3211 966 3276 hanc
989 3213 1150 3284 senten-7

114 3301 188 3364 tiam
203 3298 367 3363 salubrem
381 3321 459 3384 esse,
475 3302 507 3363 et
518 3297 637 3363 Bessus
651 3299 848 3364 circumferri
859 3320 984 3363 merum
993 3297 1115 3381 largius

68 3387 211 3472 ldiubet,
235 3387 454 3451 debellaturus
478 3409 574 3471 super
596 3401 741 3452 mensam
762 3387 990 3452 Alexandrum.
1034 3385 1150 3460 Bratg

111 3477 143 3541 in
164 3498 201 3542 eo
230 3475 376 3540 convivio
401 3473 556 3557 Cobares,
582 3476 713 3540 natione
736 3474 862 3557 Medus,
890 3475 945 3538 sed
972 3474 1116 3556 magicae

105 3565 186 3631 artis
205 3564 290 3628 -si
313 3563 408 3628 modo
432 3586 485 3628 ars
510 3569 566 3638 est,
589 3584 654 3627 non
676 3564 844 3628 vanissimi
863 3563 1015 3645 cuiusque
1035 3560 1115 3624 ludi-
