2602 4094
194 209 261 274 280
569 211 601 274 Q.
620 205 729 263 cuam
746 207 832 262 ausl

148 370 175 412 ao
190 354 301 440 regiae
327 355 418 436 parte
438 351 479 418 ad
501 351 689 436 Euphraten
711 351 823 436 fugam
848 350 1028 416 intendunt
1063 351 1206 435 Equita-

191 447 256 523 tus,
278 442 334 527 qui
356 463 395 507 ex
416 439 624 505 nobilissimis
641 440 792 506 iuvenum
810 441 990 522 constabat,
1011 439 1205 505 Perdiccam

192 536 226 596 et
238 529 439 595 Leonnatum
453 528 602 613 frequens
617 528 809 613 sequebatur
821 527 1032 612 placebatque
1046 529 1205 594 excedere

137 631 172 680 21
193 619 272 684 urbe
300 622 333 684 et
358 616 487 682 tendere
509 617 544 681 in
570 619 701 701 campis.
745 614 808 682 Sed
833 615 986 681 Perdicca
1005 637 1049 681 ne
1072 617 1203 699 pedites

193 706 322 792 quidem
353 709 517 770 secuturos
548 703 655 788 ipsum
685 705 888 788 desperabat:
920 706 1043 788 itaque,
1075 727 1116 768 nc
1146 706 1205 770 ab·

194 794 336 861 ducendo
360 793 484 877 equites
506 793 673 878 abrupisse
692 816 712 858 a
730 799 837 859 cetero
860 795 1001 858 exercitu
1027 792 1205 878 rideretur,

193 885 229 949 in
249 883 330 948 urbe
353 881 509 946 subsistit

602 1039 680 1106 Cre.
703 1039 791 1106 VIII.

159 1162 173 1208 1
283 1150 330 1212 At
350 1145 512 1232 Meleager
533 1167 642 1232 regem
665 1167 795 1212 monere
816 1167 883 1211 non
905 1145 1042 1230 destitit,
1065 1147 1116 1212 ius
1139 1147 1201 1211 im·
1212 1147 1257 1212 25

194 1234 277 1319 perii
302 1234 474 1302 Perdiccae
500 1239 604 1300 morte
631 1233 835 1300 sanciendum
857 1255 940 1300 esse:
968 1235 1004 1299 ni
1026 1239 1203 1319 occupetur

157 1335 175 1384 2
194 1323 342 1408 inpotens
361 1324 495 1408 animus,
515 1345 568 1388 res
585 1328 787 1388 novaturum.
816 1320 1002 1388 Meminisse
1020 1345 1103 1404 eum,
1122 1324 1203 1408 quid

194 1412 234 1477 de
252 1432 329 1497 rege
346 1413 529 1495 meruisset,
551 1411 711 1476 neminem
730 1415 837 1476 autam
855 1411 885 1475 ei
903 1412 983 1476 satis
1001 1411 1101 1475 fidum
1120 1434 1203 1496 csse,

195 1523 291 1587 quem
317 1503 450 1565 metuat
494 1499 564 1565 Rex
591 1500 773 1584 patiebatur
794 1498 900 1584 magis
922 1522 1020 1583 qaam
1042 1499 1203 1566 adsentie-
1299 1535 1300 1586 q

194 1590 298 1655 batur.
338 1588 452 1673 Itaque
474 1587 636 1672 Meleager
658 1588 822 1653 silentium
843 1609 902 1672 pro
921 1588 1058 1672 imperio
1074 1588 1203 1654 habuit

160 1689 178 1738 a
196 1678 290 1742 Misit
305 1677 392 1762 regis
410 1676 552 1755 nomine,
574 1676 630 1761 qui
647 1676 832 1741 Perdiccam
850 1680 1062 1741 accerserent:
1082 1677 1202 1742 iisdem
1299 1735 1300 1746 ,

195 1767 396 1851 mandatum,
426 1770 464 1830 ut
494 1764 689 1850 occiderent,
718 1765 746 1830 si
773 1765 881 1830 venire
907 1764 1079 1830 dubitaret
1122 1764 1203 1830 Pcr-

194 1854 284 1919 dicca
318 1854 470 1920 nuntiato
506 1853 685 1919 satellitum
719 1853 859 1918 adventu
892 1852 1030 1918 sedecim
1066 1854 1203 1919 omnino

195 1942 302 2026 pueris
324 1943 433 2026 regiae
457 1942 599 2008 cohortis
617 1942 788 2006 comitatus
806 1941 842 2005 in
858 1941 971 2006 limine
989 1941 1103 2006 domus
1122 1964 1203 2008 suae

195 2030 343 2095 constitit
363 2032 602 2114 castigatosque
620 2035 654 2095 et
672 2029 827 2114 Meleagri
845 2030 1005 2112 mancipia
1022 2029 1203 2095 identidem

195 2117 363 2201 appellans
382 2120 429 2183 sic
447 2120 547 2183 animi
565 2118 736 2202 vultusque
755 2119 936 2183 constantia
952 2119 1077 2200 terruit,
1095 2120 1203 2183 utrix

160 2218 178 2265 4
196 2205 314 2270 mentis
332 2210 496 2290 compotes
509 2205 667 2291 fugerent
698 2205 850 2271 Perdicca
862 2227 978 2289 pueros
992 2228 1092 2291 equos
1105 2206 1205 2272 iussit

195 2293 406 2360 conscendere
433 2297 466 2359 et
493 2315 564 2359 cum
590 2295 701 2378 paucis
729 2294 904 2359 amicorum
930 2294 972 2358 ad
998 2293 1204 2360 Leonnatum

194 2383 353 2469 pervenit,
375 2383 442 2447 iam
465 2382 608 2448 firmiore
629 2383 789 2466 praesidio
807 2383 873 2447 vim
891 2385 1150 2466 propulsatum,
1176 2385 1204 2448 si

159 2483 176 2532 5
196 2472 267 2557 quis
285 2471 427 2537 interret
453 2470 588 2536 Postera
601 2471 652 2535 die
665 2471 799 2554 indigna
811 2492 862 2534 res
876 2469 1105 2536 Macedonibus
1119 2472 1205 2535 vide

195 2561 304 2643 batur,
329 2559 516 2625 Perdiccam
544 2558 584 2625 ad
611 2559 725 2624 mortis
753 2559 930 2641 periculum
958 2559 1146 2643 adductum,
1171 2565 1205 2625 et

196 2648 352 2732 Meleagri
387 2649 604 2714 temeritatem
640 2647 738 2712 armis
769 2647 874 2712 ultum
907 2647 954 2712 ire
986 2648 1205 2714 domaverunt

161 2748 178 2796 o
197 2734 305 2819 Atque
323 2737 388 2817 ille,
407 2737 563 2802 seditione
582 2735 711 2820 provisa
729 2756 800 2800 cum
817 2756 928 2820 regem
942 2737 1086 2819 ascisset,
1104 2738 1205 2802 inter·

197 2843 313 2907 rogare
345 2846 418 2890 cum
450 2825 567 2908 coepit,
599 2846 642 2888 an
668 2822 853 2889 Perdiccam
885 2824 1102 2908 conprehendi
1132 2826 1206 2909 ipse

196 2912 352 2976 iussisset.
395 2911 456 2977 Ille
483 2913 640 2998 Meleagri
666 2911 821 2976 instinctu
849 2933 883 2976 se
909 2912 1044 2978 iussisse
1069 2935 1205 2998 respon·

197 2999 258 3082 dit,
290 3003 429 3064 ceterum
461 3022 527 3065 non
557 3000 671 3066 debere
698 3000 891 3064 tumultuari
917 3022 986 3078 eos,
1016 3000 1207 3066 Perdiccam

162 3099 177 3145 ἰ
197 3087 282 3152 enim
299 3089 417 3152 rivere.
444 3086 548 3172 Igitur
566 3090 714 3154 contione
729 3088 862 3152 dimissa
875 3087 1040 3173 Meleager
1058 3091 1259 3173 equitum26

196 3176 336 3240 maxime
371 3174 548 3241 defectione
583 3177 771 3261 perterritus
807 3177 965 3262 inopsque
1003 3178 1135 3242 consilii
1162 3215 1206 3227 -

197 3262 315 3345 quippe
345 3263 380 3327 in
411 3263 519 3345 ipsum
550 3266 727 3346 periculum
758 3265 929 3348 reciderat,
961 3265 1046 3350 quod
1073 3267 1207 3333 inimico

196 3349 294 3432 paulo
313 3353 386 3414 ante
412 3349 653 3414 intenderat-
672 3353 813 3418 triduum
841 3353 909 3419 fere
936 3355 1140 3438 consumpsit
1160 3356 1208 3420 in*

161 3439 286 3502 ecerta
313 3438 449 3502 consilia
475 3438 640 3504 volvendo.
694 3440 739 3505 Et
769 3439 907 3524 pristina
939 3442 1069 3526 quidem
1095 3444 1208 3528 regiae

197 3523 321 3607 species
339 3525 500 3606 manebat,
518 3545 594 3587 nam
613 3529 646 3588 et
663 3526 763 3610 legati
781 3529 927 3612 gentium
944 3551 1055 3614 regem
1072 3531 1209 3597 adibant

198 3615 232 3673 et
260 3609 424 3689 copiarum
457 3611 551 3673 duces
583 3611 716 3676 aderant
748 3619 780 3678 et
810 3618 1009 3682 vestibulum
1044 3620 1208 3685 satellites
