2600 4096
212 249 276 314 156
586 244 618 311 Q.
638 242 748 300 cussrl
765 243 851 300 RUFI

210 393 353 478 Dilapsis
380 391 527 477 pluribus
554 389 649 473 pauci
674 391 910 473 remanserunt,
938 387 1008 473 qni,
1033 386 1152 452 saltam
1176 391 1211 452 ut

158 495 192 544 32
211 505 326 567 corpus
344 481 474 565 ipsi[u]s
494 478 629 561 sepelire
645 478 876 561 permitterent,
893 476 1116 560 precabantur.
1150 475 1211 540 Diu

210 572 245 636 id
270 574 426 654 negatum
453 570 503 631 est
525 565 674 632 Cleandri
702 570 803 649 metu,
830 586 871 629 ne
899 564 1075 629 offenderet
1097 584 1211 648 regem.
1287 629 1289 644 ,

211 656 411 724 Pertinacius
432 655 544 719 deinde
565 654 771 738 precantibus
791 653 960 718 materiem
981 651 1211 718 consternatio·

202 749 263 814 <nis
287 743 537 811 subtrahendam
555 745 647 807 ratus
665 742 772 826 capite
789 742 896 807 deciso
914 744 1064 806 trunam
1082 741 1211 805 humare

159 849 193 898 aa
211 834 372 920 permisit:
396 832 436 897 ad
457 851 567 915 regem
590 833 689 914 caput
709 831 844 894 missum
866 832 925 894 est

299 921 363 986 Hic
381 922 485 985 exitus
498 918 719 984 Parmenionis
735 917 807 1002 fuit,
823 917 958 982 militiae
972 917 1125 1000 domique
1138 917 1213 982 clari

211 1011 281 1077 viri.
331 1008 436 1073 Multa
463 1009 530 1073 sine
557 1027 634 1092 rege
662 1028 828 1092 prospere,
859 1027 916 1071 rex
948 1005 1017 1070 sine
1048 1006 1108 1071 illo
1135 1005 1212 1070 nibil

212 1119 350 1183 magnac
377 1098 425 1162 rei
451 1100 606 1182 gesserat
653 1094 854 1160 Felicissimo
879 1093 952 1180 regi
979 1097 1012 1158 ct
1039 1093 1151 1159 omnia
1175 1092 1212 1157 ad

212 1189 361 1252 fortunae
389 1207 465 1250 suae
492 1185 635 1270 exigenti
662 1183 792 1248 moduni
815 1182 981 1247 satisfecit.
1024 1199 1100 1247 Lxx
1122 1185 1213 1246 natus
1288 1185 1289 1196 *

213 1297 316 1341 annos
338 1279 375 1339 at
393 1274 518 1339 iuvenis
540 1272 630 1338 ducis
648 1275 682 1336 et
699 1293 794 1355 saepe
817 1271 916 1336 etiarn
939 1271 1081 1356 gregarii
1102 1269 1213 1334 militis
1288 1345 1289 1348 Ἴ

213 1364 323 1428 munia
351 1362 502 1445 explevit:
534 1382 608 1426 acer
635 1360 784 1442 consilio,
811 1381 907 1424 manu
931 1363 1096 1442 strennus,
1125 1379 1213 1424 carus
1288 1409 1289 1414 ,

160 1465 194 1514 34
211 1451 421 1537 principibus,
444 1449 543 1533 vulgo
564 1449 704 1513 militum
727 1448 895 1532 acceptior.
934 1445 1024 1511 Haec
1041 1447 1214 1530 inpulerint
1288 1435 1289 1488 l

211 1541 305 1606 illum
320 1539 360 1604 ad
373 1539 467 1623 regni
480 1537 690 1621 cupiditatem
701 1559 743 1601 an
752 1539 881 1600 tantum
891 1537 1076 1618 suspectum
1085 1535 1214 1600 fecerint

214 1629 337 1715 ambigi
355 1630 473 1710 potest,
495 1626 572 1710 quia
589 1623 737 1690 Philotas
755 1625 878 1688 ultimis
901 1623 1097 1688 cruciatibus
1115 1624 1213 1688 victus

211 1739 328 1783 verane
355 1715 485 1798 dixerit,
511 1735 592 1798 quac
619 1713 707 1778 facta
733 1712 865 1796 probari
890 1733 956 1776 non
982 1715 1150 1796 poterant,
1175 1732 1213 1775 an

211 1806 304 1872 falsis
326 1806 561 1868 tormentorum
588 1801 719 1884 petierit
745 1801 856 1884 finem,
881 1822 916 1864 re
938 1821 1065 1885 quoque
1088 1798 1214 1882 recenti,

216 1916 289 1959 oum
307 1893 411 1977 magis
429 1894 540 1974 posset
561 1890 697 1974 liquere,
720 1889 903 1954 dubitatum
926 1891 983 1953 est

160 1995 194 2044 35
301 1979 492 2062 Alexander,
515 1999 595 2063 quos
618 1979 717 2043 libere
740 1980 878 2043 mortem
897 1975 1122 2043 Parmenionis
1145 1973 1255 2042 con-10

214 2072 344 2152 questos
367 2089 437 2132 esse
460 2070 660 2150 conpererat,
686 2065 880 2149 separandos
904 2088 923 2129 a
946 2069 1052 2130 cetero
1076 2065 1213 2131 exercitu

214 2160 305 2220 ratus
327 2155 362 2218 in
383 2176 481 2218 unam
503 2149 668 2219 cohortem
684 2153 826 2219 secrevit
843 2153 1017 2237 ducemque
1035 2154 1087 2218 his
1105 2154 1215 2218 Leoni·

214 2244 288 2307 dam
312 2242 412 2325 dedit,
441 2243 474 2305 et
495 2242 602 2327 ipsum
623 2241 827 2307 Parmenioni
850 2241 1011 2326 quondam
1033 2242 1151 2307 intima
1173 2241 1214 2304 f-

161 2346 195 2394 eo
215 2330 404 2395 miliaritate
427 2329 640 2395 coniunctum.
683 2329 764 2395 Fere
786 2329 884 2394 iidem
907 2333 1012 2413 erant,
1035 2351 1116 2414 quos
1141 2331 1214 2395 alio·

215 2421 293 2505 quin
314 2441 370 2484 rex
396 2418 556 2482 habuerat
581 2419 713 2484 invisos.
756 2417 843 2484 Nam
865 2439 937 2482 cum
960 2418 1099 2501 experiri
1121 2419 1215 2483 vellet

213 2509 354 2574 militum
372 2507 505 2591 animos,
527 2507 703 2586 admonuit,
726 2507 781 2590 qui
798 2506 926 2571 litteras
943 2506 979 2570 in
995 2503 1214 2571 Macedonian:

212 2598 254 2664 ad
276 2619 352 2663 suos
375 2595 566 2680 scripsisset,
588 2594 639 2675 iis,
662 2617 742 2679 quos
764 2595 835 2678 ipse
856 2594 1022 2677 mittebat,
1043 2594 1213 2677 perlaturis

213 2708 286 2751 cum
298 2687 360 2751 fide
378 2685 528 2750 traderet.
559 2681 756 2767 Simpliciter
769 2682 810 2747 ad
826 2683 1025 2747 necessarios
1040 2705 1114 2748 suos
1134 2683 1213 2768 quis·

215 2795 276 2858 que
295 2774 477 2857 scripserat,
495 2794 575 2857 quae
594 2772 767 2836 sentiebat:
790 2771 863 2836 aliis
882 2771 989 2854 gravis
1008 2774 1087 2854 erat,
1104 2771 1214 2854 pleris-

161 2876 194 2924 37
215 2883 276 2946 que
298 2883 364 2926 non
385 2861 515 2945 ingrata
537 2861 665 2925 militia.
709 2859 760 2924 Ita
785 2862 818 2923 et
839 2858 1002 2943 agentium
1025 2860 1147 2943 gratias
1171 2859 1214 2939 [et

216 2951 428 3033 querentium]
448 2949 576 3013 litterae
596 2951 745 3031 exceptae
764 2949 839 3012 sunt
857 2950 891 3011 et
907 2947 964 3030 qui
977 2947 1060 3011 forte
1074 2947 1213 3011 taedium

213 3037 336 3102 laboris
350 3058 407 3120 per
420 3036 545 3102 litteras
560 3041 653 3101 erant
667 3035 781 3120 questi.
803 3035 895 3100 Hanc
910 3056 1037 3099 seorsus
1052 3035 1214 3101 eohortem

215 3126 371 3190 coeteris
398 3124 528 3188 tendere
556 3125 754 3208 ignominiae
776 3145 873 3188 causa
895 3123 999 3205 iubet,
1027 3123 1214 3190 fortitudine

216 3235 329 3279 usurus
347 3213 382 3277 in
399 3211 494 3296 bello,
515 3213 702 3278 libertatem
724 3213 851 3298 linguae
870 3211 910 3276 ab
930 3211 1061 3277 auribus
1080 3211 1213 3276 credulis
1287 3249 1288 3278 ;

214 3304 405 3366 remoturus.
428 3298 473 3364 Et
487 3301 665 3384 consilium,
678 3301 884 3364 temerarium
897 3298 1036 3365 forsitan
1046 3300 1214 3385 -quippe

214 3388 384 3456 fortissimi
398 3389 529 3456 iuvenes
549 3389 742 3453 contumelia
759 3388 887 3453 inritati
901 3392 1044 3452 erant-
1055 3388 1138 3453 sicut
1150 3409 1214 3453 oni·
1287 3431 1288 3453 i

214 3479 269 3544 nia
288 3477 354 3542 alia
366 3476 505 3542 felicitas
520 3477 608 3560 regis
623 3478 761 3559 excepit:
779 3476 863 3542 nihil
876 3475 944 3541 illis
959 3476 1000 3541 ad
1014 3476 1100 3541 bella
1113 3496 1214 3560 prom·

163 3577 197 3628 ³8
215 3567 303 3651 ptius
318 3565 388 3630 fuit.
427 3562 591 3630 Incitabat
608 3564 761 3630 virtutem
780 3567 813 3630 et
830 3564 1026 3646 ignominias
1044 3563 1213 3630 demendae

217 3654 333 3738 cupido
348 3655 381 3717 et
395 3653 470 3737 quia
483 3652 580 3718 fortia
593 3651 680 3716 facta
693 3652 728 3716 in
741 3654 852 3735 paucis
865 3651 967 3716 latere
981 3674 1046 3717 non
1059 3653 1214 3736 poterant.
