2602 4094
192 200 258 263 242
564 199 595 265 Q.
615 198 725 254 CURTI
742 199 829 256 RUFI

136 355 174 406 ao
191 366 281 409 mum
297 343 420 429 recepit
437 347 470 409 et
488 344 731 409 circumstantes
749 343 857 428 coepit
874 343 1078 429 adgnoscere.
1114 343 1202 411 Toto

193 453 230 496 eo
257 431 308 497 die
335 454 372 498 ao
398 436 505 516 nocte,
532 453 613 516 quac
641 436 750 498 secuta
777 436 839 515 est,
867 436 1012 498 armatus
1039 435 1201 500 exercitus

191 519 315 606 regiam
334 520 465 623 obsedit
486 519 666 605 confessus,
688 541 799 586 omncs
822 521 917 586 unius
940 520 1058 605 spiritu
1080 523 1201 588 rivere.

190 607 624 781 lstntltztttttl
642 613 1053 782 stttttdtpil
1079 630 1200 764 :tlt

191 786 260 851 eius
282 786 317 850 in
340 788 447 850 castra
468 785 670 850 rettulerunt.

614 941 693 1010 Gar.
720 943 774 1009 VI.

158 1061 173 1109 1
280 1048 348 1114 Rex
375 1068 425 1115 vn
453 1050 563 1116 diebus
590 1055 702 1116 curato
732 1050 863 1115 vulnere
891 1050 1028 1116 necdum
1058 1051 1201 1116 obducta
1210 1055 1251 1120 23

192 1138 356 1222 cicatrice,
390 1160 463 1203 cum
499 1138 642 1204 audisset
676 1138 878 1204 convaluisse
914 1139 999 1223 apud
1039 1140 1200 1205 barbaros

192 1226 313 1291 famam
335 1228 449 1292 mortis
473 1247 563 1310 suae,
590 1227 713 1292 duobus
735 1227 875 1311 navigiis
898 1226 1016 1292 iunctis
1039 1229 1142 1292 statui
1163 1229 1202 1293 in

192 1313 333 1380 medium
359 1314 499 1400 undique
520 1316 728 1399 conspicuum
754 1315 997 1380 tabernaculum
1020 1315 1130 1398 iussit,
1159 1338 1202 1381 ex

192 1402 917 1576 ttntlstllttttttstltldt‘
934 1409 1201 1576 timii

158 1580 309 1645 ahibuit
356 1578 500 1646 Secundo
536 1580 651 1646 deinde
687 1602 780 1645 amne
811 1579 957 1664 defluxit,
993 1581 1201 1664 aliquantum

192 1668 356 1734 interualli
379 1691 398 1733 a
420 1671 530 1734 cetera
549 1669 652 1734 classe
673 1668 886 1753 praecipiens,
913 1689 953 1733 ne
981 1669 1071 1754 quies
1092 1669 1202 1754 perin-

192 1757 298 1822 valido
323 1756 426 1821 adhuc
447 1757 629 1823 necessaria
650 1757 746 1841 pulsu
767 1778 929 1822 remorum
949 1757 1159 1840 inpediretur.

160 1857 175 1904 a
283 1843 419 1929 Quarto,
438 1849 611 1930 postquam
627 1846 783 1929 nauigare
801 1848 962 1928 coeperat,
980 1846 1032 1911 die
1048 1847 1203 1929 pervenit

193 1935 228 1998 in
245 1934 410 2018 regionem
428 1933 589 1998 desertam
607 1933 735 2019 quidem
753 1934 793 1998 ab
812 1933 942 2012 incolis,
960 1934 1016 1998 scd
1034 1933 1201 1999 frumento

194 2025 227 2087 et
243 2022 412 2105 pecoribus
429 2022 655 2088 abundantem.
690 2021 815 2087 Placuit
831 2021 860 2086 is
883 2021 971 2086 locus
992 2025 1024 2087 et
1042 2022 1082 2087 ad
1104 2045 1202 2088 suam

157 2120 176 2167 4
194 2113 229 2173 et
242 2107 282 2172 ad
296 2109 436 2174 militum
450 2111 601 2194 requiem.
632 2109 704 2175 Mos
718 2115 789 2175 erat
806 2109 1004 2193 principibus
1020 2111 1201 2176 amicorum

193 2200 227 2262 et
249 2196 435 2262 custodibus
454 2199 597 2282 corporis
616 2199 771 2264 excubare
790 2201 864 2262 ante
886 2198 1097 2282 praetorium,
1120 2221 1200 2283 quo-

193 2284 278 2349 tiens
301 2284 436 2350 adversa
456 2287 526 2370 regi
547 2286 692 2352 valitudo
713 2285 888 2351 incidisset
931 2285 1003 2352 Hoc
1024 2290 1095 2352 tum
1119 2310 1201 2372 quo-

194 2395 255 2458 que
288 2394 378 2439 more
410 2380 537 2439 serrato
570 2374 714 2442 universi
746 2374 929 2440 cubiculum
960 2377 1027 2440 eius
1065 2376 1202 2442 intrant

157 2471 175 2521 a
192 2460 254 2527 Ille
272 2462 440 2546 sollicitus,
457 2484 497 2528 ne
514 2463 593 2548 quid
611 2465 688 2530 novi
705 2462 877 2548 adferrent,
895 2463 971 2547 quia
989 2463 1085 2528 simul
1102 2485 1201 2530 renc-

193 2555 281 2635 rant,
315 2555 536 2636 percontatur,
567 2574 645 2616 num
674 2552 817 2617 hostium
848 2572 963 2635 repens
993 2551 1203 2617 nuntiaretur

158 2640 358 2706 cadrentue.
397 2637 630 2723 storacem,
658 2641 709 2706 cui
731 2639 919 2705 mandatum
941 2645 1025 2726 erat,
1056 2644 1093 2705 ut
1120 2642 1250 2707 ami-24

193 2728 709 2882 fistillildellliiml
740 2725 1201 2882 ⁰l¹l⁷1ii¹³l⁸¹¹32ul¹¹tli

194 2903 346 2968 sisterent
378 2940 416 2950 -
435 2837 608 2971 gslollicitos
638 2925 694 2971 nos
727 2925 809 2988 esse,
843 2926 941 2988 quam
973 2926 1050 2970 cura
1082 2905 1201 2970 salutis

158 3001 175 3052 ἰ
193 2995 281 3075 tuac,
303 2994 341 3056 nt
358 3013 444 3057 nunc
462 2997 524 3079 est,
542 2993 605 3059 tibi
623 2992 720 3058 vilis?
757 2991 969 3069 Quantalibet
987 2994 1035 3057 vis
1054 2995 1202 3058 omnium

194 3081 340 3165 gentium
354 3083 516 3163 conspiret
531 3083 567 3146 in
582 3103 656 3166 nos,
673 3082 797 3165 inpleat
815 3081 913 3146 armis
930 3081 1073 3165 virisque
1092 3084 1201 3147 totum

194 3169 317 3252 orbem,
343 3168 498 3234 classibus
527 3170 631 3235 maria
657 3172 852 3248 consternat,
879 3169 1063 3234 invisitatas
1085 3170 1202 3234 beluas

147 3268 174 3317 ·8
194 3255 336 3322 inducat:
358 3259 397 3321 tu
418 3277 478 3321 noe
500 3258 681 3340 praestabis
701 3258 848 3323 invictos.
889 3254 951 3322 Sed
975 3257 1046 3343 quis
1066 3256 1202 3323 deornm

193 3344 255 3409 hoc
285 3344 492 3410 Macedoniae
529 3347 678 3411 columen
714 3367 752 3412 ac
786 3345 873 3410 sidus
909 3346 1095 3410 diuturnum
1130 3346 1203 3412 fore

193 3431 340 3518 polliceri
365 3436 488 3517 potest,
519 3455 591 3498 cum
621 3439 687 3498 tam
716 3433 808 3500 auida
837 3433 1018 3499 manifestis
1048 3435 1202 3519 periculis

194 3521 308 3587 offeras
337 3543 464 3606 corpus,
495 3520 615 3587 oblitus
644 3526 694 3587 tot
720 3522 839 3588 ciuium
867 3522 990 3587 animas
1018 3523 1145 3587 trahere
1168 3528 1204 3588 te

155 3611 229 3673 ain
255 3608 386 3673 casum?
427 3609 505 3685 Quis
535 3609 621 3672 enim
648 3610 709 3674 tibi
737 3613 898 3695 superstes
926 3615 983 3676 aut
1010 3615 1103 3696 optat
1131 3633 1203 3676 esse
