2582 4098
212 161 255 221 64
581 155 612 223 Q.
632 156 742 212 CURTI
760 156 848 212 RUFI

160 323 193 372 10
212 301 389 368 Claudebat
374 307 427 368 tur
457 303 518 367 hoc
551 323 666 387 agmen
698 301 769 366 aliis
800 301 928 366 falcatis
958 300 1118 383 curribus,
1153 301 1231 384 quis

211 393 415 477 peregrinum
442 391 576 455 militem
600 390 795 454 adiunxerat.
840 387 937 453 Hunc
958 389 1105 452 Armenii
1111 411 1231 472 ,quos

212 480 351 545 minores
375 479 551 580 appellant,
524 478 750 542 tArmenios
772 476 956 560 Babylonii,
984 479 1142 562 utrosque
1167 475 1231 540 Be
1274 492 1276 567 4

212 569 288 633 litae
315 571 348 632 et
370 568 426 651 qui
452 569 578 631 montes
606 564 817 632 Cossaeorum
839 565 1024 630 incolebant
1045 565 1231 649 sequcben-
1275 592 1276 623 ι

162 676 192 723 ιι
213 661 273 721 tux.
305 655 385 720 Post
406 655 466 718 hos
488 654 581 718 ibant
603 653 752 737 Gortuae,
774 653 881 738 gentis
904 653 1032 738 quidem
1049 651 1231 735 Euboicae,
1275 682 1276 725 ι

212 742 323 808 Medos
350 741 517 844 quondam
547 742 660 825 secuti,
692 741 785 806 sed
775 763 841 806 ram
868 740 1039 825 degeneres
1067 744 1102 804 et
1127 705 1276 824 patrii

218 831 316 895 moris
347 830 462 915 ignari.
505 829 714 914 Adplicuerat
739 830 790 894 his
816 828 961 913 Phrygas
992 831 1025 892 et
1052 826 1231 894 Cataonas.

213 917 466 1000 Parthyaeorum
493 918 606 983 deinde
634 939 726 1004 gens,
756 917 964 982 incolentium
995 920 1112 1000 terras,
1147 941 1230 1002 quas

213 1028 299 1071 nunc
316 1004 427 1070 Parthi
441 1003 572 1089 Scythia
592 1006 729 1090 profecti
746 1008 866 1089 tenent,
843 1004 1080 1070 tclaudebant
1099 1026 1232 1091 agmen

162 1093 301 1163 12Haec
331 1094 453 1158 sinistri
485 1117 600 1161 cornus
631 1093 731 1176 facies
762 1094 832 1158 fuit.
880 1091 1036 1158 Dextrum
1066 1095 1232 1158 tenebant

212 1183 302 1246 natio
330 1184 460 1248 maioris
487 1182 659 1248 Armeniae
685 1181 876 1266 Cadusiique
904 1185 936 1245 et
958 1179 1171 1265 Cappadoces
1201 1187 1232 1246 ct

214 1268 286 1354 Syri
317 1292 354 1336 ac
385 1271 479 1336 Medi.
535 1271 597 1336 His
629 1292 754 1356 quoque
785 1270 895 1334 falcati
925 1291 1035 1334 currus
1070 1287 1093 1334 n
1125 1275 1230 1335 erant

161 1378 193 1426 13
214 1356 345 1425 Summa
366 1360 467 1424 totius
490 1361 660 1443 exercitus,
692 1359 814 1444 equites
840 1375 910 1422 xcv
936 1359 1038 1441 milia,
1064 1359 1230 1442 pedestris

214 1448 297 1513 acies
332 1465 379 1514 Dc
413 1448 503 1511 milia
533 1448 722 1530 expleverat.
779 1445 851 1512 Hoc
886 1446 981 1511 modo
1015 1447 1174 1512 instructi
1209 1466 1230 1512 x

213 1537 317 1600 stadie
352 1536 529 1619 procedunt
563 1535 704 1620 iussique
741 1536 913 1601 subsistere
949 1535 1065 1599 armati
1095 1535 1228 1601 hostem

212 1646 272 1709 exp
274 1627 324 1689 ect
309 1623 431 1688 t.abant

161 1734 193 1782 14
300 1711 475 1777 Alexandri
497 1711 669 1776 exercitum
691 1732 803 1794 pavor,
828 1712 917 1776 cuius
939 1732 1037 1776 causa
1056 1732 1127 1776 non
1151 1708 1260 1777 sub-ll

212 1804 295 1884 erat,
331 1801 464 1866 invasit:
506 1800 623 1885 quippe
658 1799 816 1884 lymphati
850 1799 1008 1882 trepidare
1045 1805 1227 1882 coeperunt

213 1889 356 1953 omnium
378 1892 508 1972 pectora
526 1889 629 1953 occult
615 1892 649 1953 to
668 1892 756 1952 metu
772 1891 983 1971 percurrente.
1013 1885 1101 1952 (laeli
1116 1888 1227 1974 fulgor

211 1978 355 2058 tempore
383 1978 503 2041 aestivo
529 1977 654 2040 ardenti
676 1976 790 2040 similis
811 1976 1001 2040 internitens
1022 1976 1108 2060 ignis
1134 1999 1226 2060 prae-

212 2063 284 2127 buit
310 2063 461 2146 speciem,
493 2064 700 2148 flammasque
727 2085 766 2128 ex
787 2061 885 2129 Darei
912 2064 1023 2130 castris
1047 2064 1226 2148 splendere,

161 2173 194 2222 15
212 2150 301 2215 velut
322 2151 416 2214 inlati
438 2153 557 2214 temere
579 2150 762 2235 praesidiis,
783 2152 963 2217 credebant.
1007 2151 1131 2227 Quodsi
1155 2175 1225 2237 per-

213 2238 309 2302 culsis
332 2236 494 2323 Mazaeus,
522 2239 577 2323 qui
604 2240 853 2323 praesidebatt
826 2241 946 2324 rineri,
976 2241 1226 2324 supervenisset,

213 2327 327 2412 ingens
353 2327 458 2391 clades
481 2328 582 2410 accipi
603 2328 722 2411 potuit.
753 2349 852 2412 nunc,
880 2291 956 2393 dunb
977 2329 1031 2392 ille
1055 2329 1170 2414 segnis
1193 2331 1226 2394 in

214 2435 265 2499 eo,
298 2436 392 2500 quem
423 2419 644 2499 occupaverat,
674 2417 797 2480 tumulo
826 2415 926 2500 sedet,
957 2419 1127 2482 contentus
1159 2440 1225 2483 non

162 2526 194 2574 le
213 2504 339 2588 lacessi,
375 2504 556 2569 Alexander
591 2505 721 2590 cognito
752 2525 869 2588 pavore
901 2506 1056 2570 exercitus
1083 2506 1226 2590 signum,

212 2595 250 2656 ιιι
277 2594 501 2676 consisterent,
537 2593 618 2676 dari,
654 2597 727 2657 ante
753 2594 842 2677 ipsos
874 2615 963 2658 arma
995 2593 1155 2676 deponere
1189 2615 1224 2658 ac

213 2680 318 2745 levare
341 2703 474 2766 corpora
495 2681 597 2764 iubet,
620 2681 803 2765 admonens,
825 2682 947 2745 nullam
970 2682 1069 2746 subiti
1090 2703 1224 2747 oausam

163 2790 194 2838 ιι
214 2790 283 2832 esse
306 2770 445 2853 terroris,
469 2770 596 2834 hostem
617 2770 729 2852 procul
755 2772 848 2833 stare.
893 2768 1036 2834 Tandem
1058 2774 1224 2854 compotes

215 2857 265 2921 sui
290 2858 410 2941 pariter
438 2879 528 2922 erma
560 2862 593 2921 et
623 2859 747 2922 animos
773 2878 933 2941 recepere:
969 2859 1223 2943 necquicquam

214 2966 253 3009 ex
283 2946 504 3028 praesentibus
535 2946 635 3010 tutius
667 2946 771 3010 visum
798 2948 860 3030 est,
891 2968 989 3031 quam
1015 2947 1127 3010 eodem
1148 2947 1221 3012 loco

162 3054 194 3103 18
218 3036 324 3098 castra
346 3033 479 3097 munire.
522 3032 655 3098 Postero
683 3034 732 3097 die
757 3033 905 3098 Mazaeus
929 3071 971 3081 —
995 3055 1067 3099 cum
1090 3035 1221 3100 delectis

214 3121 358 3205 equitum
384 3121 419 3185 in
442 3120 527 3186 edito
550 3123 643 3206 colle,
671 3144 708 3187 ex
731 3144 794 3206 quo
816 3121 1027 3188 Macedonum
1048 3123 1222 3209 prospicie

212 3209 332 3273 bantur
353 3212 468 3292 castra,
491 3209 737 3274 consederet-
756 3211 821 3274 sive
844 3214 940 3294 metu,
964 3211 1029 3275 sive
1052 3213 1128 3294 quia
1150 3234 1219 3296 spe-

162 3319 193 3368 19
213 3298 314 3362 culari
335 3297 430 3362 modo
452 3299 559 3363 iussus
583 3301 659 3382 eret,
677 3297 718 3361 ed
733 3296 874 3362 Dareum
891 3298 994 3363 rediit
1029 3298 1218 3365 Macedones

213 3407 285 3449 eum
316 3387 421 3470 ipsum
455 3387 580 3468 collem,
616 3407 710 3470 quem
742 3386 935 3471 deseruerat,
971 3393 1218 3471 occupaverunt:

212 3495 289 3538 narn
312 3479 344 3538 ct
363 3475 463 3540 tutior
481 3474 614 3557 planitie
633 3477 703 3538 erat
721 3477 753 3536 et
771 3474 845 3539 inde
864 3476 946 3539 acies
963 3476 1114 3560 hostium,
1139 3498 1217 3561 quae

159 3582 194 3630 ao
211 3561 247 3625 in
278 3584 391 3646 campo
419 3563 647 3646 explicabatur,
678 3561 818 3644 conspici
841 3566 976 3646 poterat.
1022 3561 1083 3627 sed
1107 3565 1217 3648 caligo,
