2602 4094
204 179 270 244 234
570 180 603 246 Q.
620 179 729 236 cunm
745 179 831 236 RUFI

167 323 429 390 suntecedimus.
478 321 540 388 Sed
571 325 600 388 si
631 323 740 388 audire
775 323 823 390 vis
853 345 920 390 non
950 325 1044 389 fictus
1073 328 1199 388 tuorum

203 412 342 477 militum
373 433 481 496 voces,
514 432 623 476 verum
658 413 849 478 necessitate
880 413 997 477 ultime
1027 433 1200 496 expresses,

202 500 335 584 praebe,
362 521 495 585 quaeso,
520 499 678 584 propitias
705 522 797 565 eures
823 501 996 584 imperium
1022 503 1119 584 etque
1145 521 1198 564 su-

202 589 337 672 spicium
367 592 459 652 tuum
485 588 747 652 constantissime
777 590 896 654 secutis
928 593 974 671 et,
1005 609 1199 673 quocumque

167 677 323 762 tpergis,
357 674 523 742 secuturis.
574 674 706 760 Vicisti,
739 696 809 758 rex,
844 676 1067 760 magnitudine
1096 697 1199 741 rerum

200 787 264 830 non
286 765 396 830 hostes
420 763 529 848 modo,
552 764 608 828 sed
634 765 733 829 etism
760 765 889 830 milites.
934 764 1096 849 Quidquid
1117 785 1198 829 mor-

199 853 310 918 talitas
328 872 442 936 cepere
459 855 597 936 poterut,
614 853 815 935 inplevimus.
850 852 1001 919 Emensis
1019 853 1123 917 muris
1138 855 1197 916 ter·

199 962 315 1025 rosque
342 941 454 1004 melius
484 941 579 1006 nobis
606 961 703 1024 quem
734 940 850 1006 incolis
877 941 987 1006 omnis
1011 943 1093 1005 note
1120 943 1198 1005 sunt.

164 1029 305 1093 sPuene
331 1029 367 1092 in
394 1028 510 1094 ultimo
541 1028 652 1093 mundi
678 1028 740 1092 fine
768 1029 985 1094 consistimus.
1033 1027 1073 1093 In
1103 1029 1198 1093 elium

204 1116 314 1182 orbem
350 1138 447 1200 peres
482 1117 528 1181 ire
560 1122 594 1181 et
626 1115 753 1181 Indiam
790 1118 916 1201 quaeris
951 1115 1040 1182 Indis
1077 1137 1197 1202 quoque

199 1205 357 1290 ignotum:
381 1205 464 1269 inter
490 1205 575 1269 feras
602 1207 828 1289 serpentesque
854 1205 1006 1290 degentes
1029 1227 1141 1269 eruere
1162 1225 1197 1268 ex

198 1292 332 1358 latebris
364 1296 397 1358 et
432 1293 592 1358 cubilibus
626 1293 693 1357 suis
726 1293 862 1376 expetis,
898 1297 935 1358 ut
965 1295 1071 1377 plura,
1107 1314 1197 1378 quem

163 1380 249 1446 ssol
280 1380 381 1466 uidet,
411 1381 545 1446 uictoris
576 1381 701 1446 lustres
750 1381 859 1466 Digne
884 1402 1016 1465 prorsus
1044 1381 1196 1468 cogitatio

199 1469 305 1534 animo
324 1473 391 1552 tuo,
413 1469 469 1534 sed
488 1469 585 1534 altior
601 1472 723 1533 nostro.
763 1469 875 1534 Virtus
896 1470 981 1534 enim
999 1473 1058 1535 tue
1076 1491 1196 1554 semper

147 1568 181 1618 ιο
198 1559 233 1622 in
250 1557 447 1623 incremento
467 1557 536 1640 erit,
553 1561 666 1621 nostra
684 1556 733 1620 vis
752 1557 817 1621 ium
837 1558 872 1621 in
896 1558 957 1622 fine
976 1561 1036 1624 est
1073 1557 1196 1622 Intuere

198 1667 333 1729 corpore
354 1645 542 1728 exsanguis,
568 1647 619 1710 tot
641 1645 786 1729 perfossa
814 1646 1015 1731 vulneribus,
1042 1648 1095 1710 tot
1121 1646 1195 1711 cicu-

197 1733 330 1799 tricibus
354 1734 470 1817 putris.
504 1732 574 1797 lem
596 1734 663 1796 tela
684 1733 814 1798 hebetis
837 1739 925 1817 sunt,
947 1733 1012 1799 ism
1036 1755 1127 1798 arma
1148 1733 1193 1798 de

197 1821 316 1887 ficiunt
365 1820 498 1886 Vestem
525 1821 689 1885 Persicam
716 1821 890 1904 induimus,
922 1821 998 1905 quis
1026 1821 1193 1887 domesticu

147 1921 179 1970 11
199 1909 333 1975 subvehi
360 1931 425 1974 non
452 1911 568 1992 potest.
613 1908 653 1973 ln
680 1914 846 1974 externum
873 1909 1118 1995 degnersvimus
1138 1910 1195 1974 cul·

198 2003 276 2062 tum.
318 1996 424 2073 Quoto
452 1998 565 2082 cuique
597 1997 697 2063 lorieu
729 1996 800 2062 est?
833 1996 904 2082 quis
936 2019 1054 2082 equum
1081 1997 1196 2063 hebet?

137 2095 142 2104 ”
198 2084 276 2149 Iube
308 2086 432 2170 quaeri,
469 2108 566 2169 quum
597 2085 717 2150 multos
749 2086 834 2150 servi
865 2087 1008 2169 ipsorum
1040 2086 1197 2170 persecuti
1277 2097 1278 2184 l

199 2172 279 2256 sint,
298 2173 372 2256 quid
391 2173 504 2257 cuique
523 2174 662 2257 supersit
678 2195 715 2238 ex
733 2173 861 2257 praede.
892 2173 1044 2239 Omnium
1061 2174 1195 2240 victores

199 2260 341 2325 omnium
368 2261 479 2344 inopes
512 2283 629 2326 sumus.
673 2259 742 2326 Nec
768 2261 893 2326 luxurie
919 2261 1118 2348 laboremus,
1145 2263 1196 2328 sed

146 2362 178 2411 12
198 2348 283 2414 bello
305 2349 519 2413 instrumente
541 2349 618 2414 belli
641 2349 908 2433 consumpsimus.
952 2349 1047 2415 Hunc
1069 2354 1106 2415 tu
1129 2352 1196 2435 pul·

197 2436 390 2503 cherrimum
415 2437 588 2503 exercitum
609 2437 730 2502 nudum
749 2437 866 2502 obicies
889 2436 1016 2503 beluis?
1057 2438 1196 2515 Quarum

197 2529 234 2590 ut
247 2526 487 2592 multitudinem
501 2530 641 2610 augeant
655 2526 693 2590 de
711 2525 870 2590 industrie
888 2525 1028 2610 barbari,
1046 2549 1196 2613 magnum

197 2618 306 2680 tamen
338 2636 408 2681 esse
438 2635 607 2680 numerum
640 2614 738 2678 etiem
771 2635 809 2678 ex
840 2614 1006 2679 mendacio
1036 2615 1195 2700 intellego.
1273 2649 1274 2654 κ

147 2715 179 2764 rs
199 2701 319 2778 Quodsi
347 2703 450 2768 adhuc
476 2705 644 2786 penetrare
670 2702 706 2766 in
726 2700 851 2766 Indiam
875 2706 997 2768 certum
1020 2706 1083 2780 est,
1110 2705 1194 2789 regio

198 2812 217 2853 a
244 2789 377 2855 meridie
406 2791 512 2855 minus
540 2794 633 2855 veste
659 2794 723 2873 est,
754 2811 818 2874 qua
845 2790 980 2855 subacta
1009 2791 1121 2856 licebit
1147 2794 1195 2857 de

198 2898 323 2941 currere
346 2877 381 2941 in
403 2879 482 2943 illud
505 2901 607 2961 mure,
630 2878 713 2961 quod
736 2878 831 2942 rebus
853 2877 1003 2943 humenis
1025 2881 1193 2946 terminum

147 2979 179 3027 14
198 2965 300 3030 voluit
322 2985 392 3028 esse
414 2970 538 3031 natura.
583 2965 648 3032 Cur
671 2966 801 3031 circuitu
829 2966 915 3049 petis
938 2967 1090 3050 glorium,
1121 2989 1194 3053 quse
1270 3041 1271 3044 Ἴ

199 3053 238 3117 ad
266 3074 403 3136 menum,
424 3054 531 3136 posits
559 3054 630 3120 est?
658 3055 705 3119 sic
732 3075 857 3138 quoque
885 3055 1023 3120 oceurrit
1045 3054 1192 3122 Oceanus.

197 3141 269 3206 Nisi
291 3140 392 3204 mavis
416 3162 531 3224 errare,
553 3143 767 3226 pervenimus,
789 3163 851 3225 quo
875 3147 933 3207 tua
955 3143 1086 3208 fortuna
1105 3145 1192 3209 ducit
1269 3175 1270 3250 p

146 3241 178 3291 15
198 3227 286 3292 Haec
304 3232 411 3294 tecum
429 3250 525 3312 quum
539 3232 608 3294 sine
626 3235 746 3295 tecum
763 3230 816 3294 his
835 3230 923 3314 loqui
938 3231 1049 3316 malui,
1065 3254 1133 3298 non
1149 3233 1191 3298 uti

196 3315 310 3380 inirem
333 3316 569 3382 circumstantis
592 3319 749 3384 exercitus
772 3318 924 3402 gratiam,
952 3320 1008 3384 sed
1030 3322 1066 3385 ut
1088 3342 1191 3386 vocem
1268 3291 1269 3383 i

197 3404 396 3487 loquentium
419 3405 527 3489 potius
550 3427 645 3489 quem
672 3406 829 3492 gemitum
852 3408 1122 3473 murmurantium
1142 3431 1189 3475 su-

145 3504 178 3553 16
197 3489 300 3556 dires’
340 3491 387 3558 Ut
408 3495 504 3558 finem
524 3493 662 3558 crationi
681 3493 806 3564 Coenus
823 3494 981 3580 inposuit,
1004 3497 1124 3562 clamor
1140 3519 1189 3562 un·
1199 3495 1228 3560 13

197 3579 291 3663 dique
318 3599 389 3643 cum
420 3581 548 3664 ploratu
576 3580 692 3663 oritur,
717 3603 841 3666 regem,
866 3587 1006 3668 putrem,
1031 3584 1186 3651 dominum
