2602 4094
173 213 239 280 284
409 253 412 260 ⁴
547 163 813 298 oscannum

173 359 275 426 secuti
292 363 394 443 erant,
411 381 431 424 a
448 357 563 424 ceteris
582 358 738 423 discretos
755 357 940 441 elephantis
958 358 995 422 in
1009 363 1186 442 conspectu

173 449 274 514 totius
302 449 461 513 exercitus
488 447 597 512 obicit
642 444 824 530 Omnesque
851 446 1022 511 beluarum
1044 447 1185 530 pedibus

122 547 155 596 19
174 535 287 605 obtriti
308 541 385 601 sunt
406 556 465 600 nec
486 534 680 619 prohibente
698 533 850 618 Philippo
875 556 934 600 nec
952 539 1098 600 auctore:
1127 535 1185 600 ad·

174 629 369 710 parebatque
386 623 420 688 id
438 624 535 688 modo
552 644 612 706 pro
632 644 690 688 suo
703 621 948 707 uindicaturum,
968 623 1053 707 quod
1066 623 1184 707 adpro-

173 714 284 779 basset
309 716 453 778 eventus.
501 710 572 776 Hoc
598 711 759 776 bellorum
786 711 930 795 civilium
951 711 1183 777 Macedonibus

121 813 156 862 20
174 807 208 867 et
229 823 324 868 omen
346 803 380 864 et
401 799 594 883 principium
616 799 689 864 fuit
732 797 897 885 Meleager
922 821 994 864 sero
1016 800 1185 865 intellecta

9 949 11 956 ,
173 889 285 955 fraude
308 887 478 953 Perdiccae
499 891 570 953 tum
592 887 735 972 quidem,
759 887 838 971 quia
857 887 960 970 ipsius
982 890 1111 972 corpori
1132 889 1184 954 vis

121 989 242 1043 21non
271 976 487 1058 adserebatur,
518 977 553 1040 in
584 975 713 1060 agmine
744 975 873 1059 quietus
904 977 1008 1041 stetit:
1039 981 1076 1042 at
1106 999 1192 1058 mox-

43 1119 46 1126 ,
174 1067 328 1131 damnata
358 1086 415 1148 spe
447 1065 576 1148 salutis,
609 1085 682 1129 cum
712 1063 779 1129 eius
810 1063 954 1148 nomine,
986 1086 1080 1149 quem
1111 1065 1196 1150 ipse'

174 1155 296 1219 fecerat
326 1173 450 1238 regem,
480 1153 514 1218 in
540 1153 715 1236 perniciem
745 1172 838 1238 suam
864 1152 1034 1218 abutentes
1060 1153 1186 1218 videret

174 1243 335 1327 inimicos,
370 1240 519 1325 confugit
548 1241 583 1304 in
613 1242 771 1324 templum
803 1261 855 1324 ac,
885 1261 925 1306 ne
957 1241 1021 1307 loci
1052 1242 1183 1325 quidem

174 1331 330 1416 religione
352 1329 512 1413 defensus,
534 1328 697 1394 occiditur.
730 1369 734 1379 ι
1067 1333 1071 1341 ’

607 1485 687 1554 Cur.
710 1454 771 1552 Χ.μ
887 1517 891 1520 -

140 1609 154 1660 1
221 1629 224 1636 ·
261 1594 416 1660 Perdicca
447 1593 601 1678 perducto
632 1595 667 1658 in
697 1595 810 1660 urbem
841 1595 983 1659 exercitu
1010 1594 1239 1661 consilium30

173 1685 356 1772 principum
377 1684 519 1748 virorum
542 1681 665 1766 habuit,
682 1682 716 1747 in
739 1704 802 1767 quo
825 1683 995 1765 imperium
1015 1683 1063 1749 ita
1080 1683 1185 1748 dividi

173 1773 309 1859 placuit,
339 1775 376 1836 ut
402 1793 459 1836 rex
486 1770 615 1855 quidem
642 1792 801 1842 summam
828 1772 898 1836 eius
926 1771 1102 1855 obtineret,
1129 1793 1185 1835 sa·

174 1867 283 1946 trapes
309 1859 514 1945 Ptolemaeus
542 1859 687 1944 Aegypti
712 1864 786 1928 esset
811 1863 844 1924 et
870 1859 999 1924 Africae
1026 1860 1185 1946 gentium,

140 1963 257 2037 aquae
279 1949 311 2014 in
333 1947 458 2024 dicione
482 1951 583 2012 erant.
627 1947 839 2012 Laomedonti
858 1945 959 2030 Syria
983 1969 1056 2013 cum
1078 1946 1184 2012 Phoe-

173 2039 246 2103 nice
269 2037 347 2102 data
369 2040 431 2120 est,
452 2035 604 2101 Philotae
622 2033 737 2102 Cilicia
756 2036 933 2118 destinata,
954 2034 1090 2120 Lyciam
1108 2057 1183 2101 cum

174 2124 368 2210 Pamphylia
390 2127 423 2188 et
444 2125 565 2189 maiore
580 2123 727 2208 ‘Phrygia
748 2124 894 2189 obtinere
915 2124 1021 2189 iussus
1043 2124 1183 2208 Antigo-

173 2236 243 2296 nus,
264 2213 300 2277 in
318 2209 447 2278 Cariam
465 2209 653 2293 Cassander,
674 2211 849 2278 Menander
871 2213 906 2276 in
925 2211 1061 2296 Lydiam
1079 2213 1183 2277 missi.

172 2302 351 2387 Phrygiam
383 2301 540 2364 minorem
570 2299 779 2384 Hellesponto
810 2300 993 2374 adiunctam
1022 2298 1184 2366 Leonnati

139 2390 373 2477 aprovinciam
400 2409 469 2453 esse
495 2388 665 2453 iusserunt.
709 2386 914 2472 Cappadocia
943 2389 1081 2454 Eumeni
1107 2410 1184 2454 cum

173 2477 399 2566 Paphlagonia
420 2476 530 2542 cessit:
553 2481 759 2561 praeceptum
778 2479 841 2556 est,
863 2481 900 2542 ut
921 2478 1087 2562 regionem
1109 2488 1184 2542 e‘am

174 2591 274 2653 usque
302 2567 343 2633 ad
369 2565 573 2650 Trapezunta
599 2564 782 2629 defenderet
807 2571 837 2630 ct
859 2565 980 2670 bellum
999 2586 1071 2631 curn
1088 2565 1185 2629 Aria·

139 2657 269 2722 arethe
288 2658 426 2741 gereret:
449 2654 536 2718 solus
556 2653 609 2717 hic
628 2653 829 2718 detrectabat
845 2654 1026 2737 imperium.
1061 2652 1185 2718 Pithon

173 2744 323 2825 Mediam,
345 2742 559 2826 Lysimachus
585 2741 756 2806 Thraciam
777 2740 1005 2826 adpositasque
1023 2741 1183 2807 Thraciae

173 2832 325 2898 Ponticas
361 2836 474 2915 gentes
506 2829 651 2895 obtinere
687 2830 776 2894 iussi.
828 2829 891 2906 Qui
921 2829 1032 2895 Indiae
1063 2830 1184 2915 quique

174 2920 301 2986 Bactris
328 2924 362 2984 et
388 2916 559 3004 Sogdianis
582 2919 759 3001 ceterisque
786 2921 842 2983 aut
865 2917 984 2984 Oceani
1007 2922 1069 2983 aut·
1088 2918 1184 2983 rubri

174 3010 275 3076 maris
298 3007 415 3072 accolis
438 3011 621 3091 praeerant,
644 3007 759 3089 quibus
782 3007 917 3091 uirisque
938 3007 1058 3071 finibus
1078 3006 1184 3071 habu-

173 3099 254 3163 isset
279 3096 459 3180 imperium,
482 3095 665 3160 obtinerent
688 3095 851 3159 decretum
874 3098 936 3160 est:
967 3089 1126 3160 Perdicca
1144 3099 1184 3160 nt

175 3207 246 3252 cum
277 3205 354 3270 rege
380 3185 467 3248 esset
494 3183 657 3268 copiisque
684 3186 861 3266 praeesset,
889 3205 971 3268 quae
998 3204 1110 3268 regem
1132 3204 1183 3248 se-

139 3275 365 3359 oquebantur.
418 3268 588 3336 Credidere
619 3271 748 3356 quidam
779 3275 974 3336 testamento
1004 3271 1185 3336 Alexandri

175 3357 366 3427 distributas
389 3361 668 3442 esseprovincias,
691 3359 746 3424 sed
765 3359 886 3424 famam
906 3359 972 3424 eius
990 3361 1048 3442 rei,
1071 3381 1184 3443 quam·
1247 3409 1252 3420 ,

175 3471 272 3535 quam
294 3450 335 3513 ab
354 3447 537 3513 auctoribus
560 3448 682 3512 tradita
700 3451 764 3531 est,
786 3469 903 3512 vanam
919 3447 1021 3512 fuisse
1039 3449 1185 3532 conperi-

20 3589 24 3596 .
139 3550 256 3602 emus.
299 3535 345 3600 nt
375 3535 503 3619 quidem
535 3557 607 3599 suas
640 3535 774 3620 quisque
806 3557 883 3619 opes
914 3535 1026 3600 divisis
1053 3536 1185 3622 imperii

174 3623 322 3706 pertibus
349 3622 523 3704 prudenter
547 3623 611 3704 ipsi
637 3621 863 3707 fundaverant,
892 3624 921 3688 si
947 3645 1099 3708 umquam
1129 3625 1182 3689 ad-
