2582 4098
295 213 547 270 nrsroarnuun
564 215 879 286 maranorum.
1044 217 1086 282 89

59 357 120 422 Et
140 357 292 424 Medates
316 360 435 424 sororis
459 359 527 424 eius
549 359 650 424 filiam
669 381 775 424 secum
793 361 998 426 matrimonio
1017 361 1086 426 iun·

61 451 184 529 xerat,
207 447 348 512 Dareum
369 448 551 531 propinqua
573 450 764 532 cognatione
788 450 987 535 contingens.
1022 450 1087 515 Diu
1107 471 1140 520 1³

64 533 277 619 Sisigambis
309 535 489 618 supplicum
519 536 668 619 precibus
700 537 905 621 repugnavit,
941 537 1086 602 abnuens

65 623 340 706 deprecationem
366 645 424 706 pro
451 623 516 688 illis
545 625 636 704 [non]
665 625 834 689 convenire
861 624 1023 709 fortunae,
1052 625 1087 690 in

66 733 146 794 qua
177 715 273 775 esset:
306 711 465 796 adicitque
492 715 632 775 metuere
656 733 738 796 sese,
767 733 808 777 ne
831 712 961 778 victoris
984 713 1087 778 indul·

68 799 229 883 gentiam
251 799 416 884 fatigaret,
443 799 630 883 saepiusque
653 801 808 884 cogitare,
835 802 995 884 captivam
1017 823 1087 868 esse

70 887 581 1059 uztbffittbltzt.
610 887 672 1059 tt,
689 889 1088 1060 ”ltltltlltlt
1107 910 1138 963 ¹⁴

72 1061 173 1146 quod
209 1062 444 1145 deprecaretur:
488 1068 596 1146 petere
632 1083 679 1146 se,
713 1066 751 1127 ut
785 1064 850 1128 illis
886 1087 1024 1149 quoque,
1060 1065 1088 1132 si

71 1150 206 1231 minus,
237 1150 298 1214 sibi
324 1150 519 1235 ignosceret:
555 1172 613 1234 pro
640 1152 820 1215 necessario
848 1173 885 1218 ac
906 1154 1087 1238 propinquo

75 1258 153 1320 suo,
176 1237 240 1301 iam
262 1259 329 1302 non
350 1238 457 1322 hoste,
486 1238 543 1303 sed
565 1239 721 1323 supplice,
746 1241 874 1304 tantum
895 1241 995 1305 vitam
1016 1262 1087 1325 pre-

76 1325 161 1389 cari.
204 1323 458 1400 Moderationem
485 1327 748 1410 clementiamque
774 1328 873 1412 regis,
898 1349 983 1411 qnae
1009 1332 1087 1394 tunc
1107 1349 1140 1398 15

76 1412 161 1496 fuit,
191 1414 242 1477 vel
267 1434 332 1478 una
357 1414 436 1478 haec
462 1436 514 1479 res
541 1415 644 1498 possit
666 1414 848 1480 ostendere:
880 1437 946 1480 uon
967 1414 1088 1481 Medati

78 1499 182 1564 modo
209 1500 347 1584 ignovit,
379 1501 434 1566 sed
461 1523 572 1566 omnes
600 1506 633 1567 et
659 1503 783 1568 deditos
806 1506 839 1567 et
860 1503 1004 1586 captivos
1029 1505 1086 1584 [et]

78 1588 236 1652 libertate
259 1592 354 1673 atque
376 1589 568 1654 inmunitate
590 1590 734 1675 donavit,
757 1591 869 1655 urbem
890 1590 1019 1674 reliquit
1039 1591 1088 1654 in·

79 1679 216 1758 tactam,
239 1695 335 1760 agros
358 1677 427 1741 sine
448 1678 570 1742 tributo
594 1680 696 1743 colere
718 1679 871 1762 permisit
913 1677 944 1742 A
966 1678 1087 1743 victore

80 1761 194 1826 Dareo
216 1765 309 1846 plura
330 1768 433 1829 mater
454 1787 520 1830 non
541 1766 744 1849 inpetrasset.

21 1855 71 1918 12
176 1849 332 1916 Uxiorum
358 1852 431 1917 dein
458 1855 586 1937 gentem
613 1854 780 1918 subactam
803 1851 1012 1918 Susianorum
1039 1873 1087 1917 sa-
1107 1873 1138 1924 ra

82 1941 217 2021 trapeae
243 1940 432 2005 contribuit:
459 1940 630 2023 divisisque
657 1962 729 2006 cum
751 1940 963 2005 Parmenione
985 1941 1088 2024 copiis

85 2027 179 2090 illum
201 2029 372 2110 campestri
393 2028 507 2092 itinere
530 2028 698 2111 procedere
719 2029 821 2113 iubet,
851 2028 919 2112 ipse
942 2051 1014 2094 cum
1037 2050 1088 2092 ex·

85 2113 196 2197 pedito
219 2115 348 2199 agmine
369 2115 481 2200 iugum
502 2115 661 2180 montium
692 2117 789 2201 cepit,
817 2138 952 2200 quorum
978 2138 1088 2201 perpe-

85 2205 180 2266 tuum
201 2201 331 2266 dorsum
353 2203 387 2266 in
400 2203 563 2268 Persidem
585 2205 731 2269 excurrit.
768 2203 863 2269 Omni
879 2205 940 2270 hac
957 2205 1087 2289 regione
1108 2222 1137 2273 17

86 2293 214 2353 vastata
235 2291 331 2355 tertio
352 2290 402 2355 die
420 2290 592 2375 Persidem,
614 2293 725 2375 quinto
745 2293 918 2378 angustias,
940 2314 1020 2376 quas
1041 2293 1090 2357 illi

90 2375 219 2442 Susidas
246 2379 339 2461 pylas
366 2382 497 2462 vocant,
524 2379 634 2443 intrat
677 2379 912 2445 Ariobarzanes
933 2379 994 2444 has
1017 2401 1089 2445 cum

89 2482 160 2529 xxv
185 2465 314 2530 milibus
342 2465 484 2549 peditum
511 2471 733 2552 occupaverat,
765 2489 861 2550 rupes
888 2467 1029 2531 abscisas
1057 2472 1090 2530 et

94 2551 230 2636 undique
252 2558 449 2638 praeruptas,
471 2554 507 2618 iu
529 2577 663 2639 quarum
686 2554 903 2620 cacuminibus
924 2557 1015 2617 extra
1031 2554 1089 2618 teli

90 2640 209 2704 iactum
230 2640 359 2705 barbari
382 2642 524 2726 stabant,
551 2642 589 2706 de
615 2642 775 2707 industria
796 2641 896 2727 quieti
918 2644 950 2705 et
971 2661 1089 2725 paven-

91 2727 176 2793 tibus
203 2728 336 2812 similes,
368 2729 468 2794 donec
498 2730 534 2794 in
565 2730 741 2794 artissimas
769 2728 877 2792 fauces
905 2731 1090 2812 penetraret

94 2835 214 2900 agmen.
257 2815 348 2892 Quod
369 2817 425 2881 ubi
448 2821 632 2901 contemptu
655 2818 705 2882 sui
726 2836 858 2901 pergere
879 2817 998 2902 vident,
1019 2820 1089 2881 tum
1108 2835 1139 2885 18

93 2925 166 2967 vero
192 2903 330 2989 ingentis
356 2905 587 2988 magnitudinis
614 2927 692 2969 saxa
717 2927 775 2989 per
800 2904 959 2969 montium
986 2926 1089 2988 prona

95 2991 274 3076 devolvimt,
306 3013 387 3076 quae
415 2993 544 3057 incussa
572 2993 698 3075 saepius
725 2991 962 3057 subiacentibus
989 2991 1088 3076 petris

95 3078 210 3142 maiore
235 3080 268 3143 vi
289 3079 475 3144 incidebant
495 3101 556 3145 nec
578 3081 721 3164 singulos
743 3081 853 3164 modo,
882 3081 937 3146 sed
959 3080 1089 3165 agmina
1164 3137 1166 3142 .

96 3166 306 3250 proterebant.
336 3167 457 3232 Fundis
476 3189 601 3251 quoque
619 3167 743 3232 excussi
759 3169 881 3252 lapides
900 3171 933 3232 et
950 3168 1088 3252 sagittae
1107 3186 1139 3235 19

97 3253 228 3339 undique
259 3255 498 3340 ingerebantur.
545 3254 614 3319 Nec
644 3255 678 3319 id
708 3255 922 3321 miserrimum
950 3255 1088 3320 fortibus

98 3341 169 3407 viris
191 3345 268 3426 erat,
292 3342 347 3407 sed
365 3342 450 3427 quod
466 3343 569 3426 inulti,
592 3343 678 3426 quod
695 3342 836 3408 ferarum
852 3344 917 3407 ritu
935 3344 1035 3408 veluti
1054 3343 1089 3406 in

98 3430 183 3494 fovea
213 3430 401 3513 deprehensi
431 3430 645 3496 caederentur.
696 3430 750 3495 Ira
780 3431 880 3515 igitur
905 3431 941 3494 in
967 3431 1088 3495 rabiem
1106 3451 1139 3501 ao

99 3539 183 3582 versa
204 3519 377 3582 eminentia
400 3541 476 3584 saxa
499 3519 653 3602 conplexi,
675 3522 712 3582 ut
734 3518 775 3582 ad
796 3519 922 3583 hostem
945 3519 1087 3602 perveni·

99 3608 177 3690 rent,
207 3606 287 3670 alius
310 3607 409 3670 alium
430 3607 574 3670 levantes
597 3607 797 3672 conabantur
818 3606 997 3670 ascendere.
1039 3605 1089 3668 Ea
