2552 4108
207 169 209 177 ἱ
234 177 488 233 Hisuoalsuuu
506 176 720 232 ALEXANDRI
737 178 790 246 IV,
808 185 833 234 8.
852 184 877 233 9.
1018 179 1062 242 55

35 326 197 388 rotarum
223 323 317 407 plura
344 323 465 406 spicula
491 322 677 386 eminebant
706 323 741 386 in
768 322 948 406 adversum,
978 323 1060 388 aliae

37 411 166 475 deinde
189 410 288 475 falces
311 412 500 476 summissae
521 414 665 475 rotarum
683 410 814 475 orbibus
834 410 1011 475 haerebant
1028 416 1061 476 et
1087 446 1091 454 ·

39 500 132 563 aliae
158 500 195 563 in
216 501 335 564 terram
358 499 526 582 demissae,
558 498 711 584 quidquid
736 499 867 563 obvium
889 499 1058 565 concitatis

15 588 142 672 lequis
166 587 289 672 ficisset,
312 590 542 671 amputaturae.
581 585 652 652 Hoc
675 587 770 652 modo
793 588 950 652 instructo
974 608 1095 656 exer-c

40 677 115 740 citu
146 697 185 740 ac
212 679 393 760 perarmato
420 673 585 759 Babylone
617 676 726 759 copias
754 675 863 740 movit.
912 675 1060 759 Aperte

40 765 166 828 dextra
188 767 257 829 erat
275 763 390 849 Tigris,
412 764 530 828 nobilis
551 763 678 848 fluvius,
699 764 824 827 laevam
846 764 976 847 tegebat
995 763 1059 828 llu-

39 853 194 936 phrates,
212 872 329 936 agmen
341 851 592 936 Mesopotamiae
611 871 740 934 campos
755 851 942 934 inpleverat
970 851 1061 937 Tigri
1080 870 1095 919 t

42 940 167 1004 deinde
204 942 367 1024 superato,
408 962 481 1005 cum
516 939 658 1004 audisset
689 939 776 1004 haud
807 940 918 1024 procul
950 940 1061 1004 abesse

46 1029 197 1112 hostem,
230 1026 436 1112 Satropaten,
468 1028 611 1112 equitum
639 1027 849 1112 praefectum,
879 1049 951 1093 cum
973 1028 1061 1092 mille

44 1117 185 1180 delectis
220 1117 395 1200 praemisit
438 1115 568 1182 Musaeo
599 1115 737 1200 praetori
774 1137 830 1180 sex
860 1116 951 1180 milia
977 1116 1061 1199 data,

46 1204 171 1288 quibus
198 1205 325 1270 hostem
351 1205 490 1270 transitu
512 1204 617 1269 amnis
640 1205 775 1269 arceret:
807 1202 908 1268 eidem
930 1204 1096 1272 manda-8

46 1296 137 1375 tum,
160 1297 198 1357 ut
219 1294 391 1378 regionem,
414 1315 510 1376 quam
529 1292 710 1357 Alexander
728 1294 812 1356 esset
829 1291 982 1374 aditurus,
1004 1313 1060 1375 po-

46 1381 220 1464 pularetur
242 1384 337 1465 atque
359 1384 478 1446 ureret:
506 1381 623 1466 quippe
647 1380 795 1445 credebat
820 1380 931 1464 inopia
957 1380 1061 1444 debel-

46 1470 114 1532 lari
141 1491 238 1553 posse
263 1469 346 1533 nihil
371 1470 555 1552 habentem,
586 1469 651 1533 nisi
677 1468 762 1553 quod
788 1467 942 1551 rapiendo
970 1488 1061 1532 occu-

46 1561 175 1640 passet:
211 1558 274 1641 ipsi
306 1561 411 1622 autem
444 1561 639 1623 commeatus
671 1557 728 1620 alii
758 1559 857 1640 terra,
888 1555 944 1619 alii
969 1554 1062 1640 Tigri

48 1667 148 1710 amne
176 1646 442 1711 subvehebantun
490 1645 560 1710 Iam
585 1648 775 1729 pervenerat
799 1643 920 1708 Arbela
946 1643 1095 1726 vicum,e

47 1733 198 1798 nobilem
222 1756 281 1798 sua
311 1735 400 1799 clade
426 1734 577 1799 facturus.
621 1732 683 1797 Hic
711 1735 944 1798 commeatuum
967 1731 1061 1795 sarci·

49 1843 232 1973 ,ffle
245 1820 1062 1994 ,tltepztltltttltttltttllt

51 1997 132 2060 iecit
153 1999 333 2063 exercitum.
368 1997 447 2062 Inde
470 1998 636 2082 octoginta
657 1996 722 2060 fere
747 1997 850 2060 stadia
872 2016 1061 2080 progressus
1082 2013 1117 2063 ιο

52 2085 97 2149 ad
128 2085 262 2150 alterum
292 2107 419 2151 amnem
446 2122 488 2133 -
511 2083 644 2149 Bumelo
673 2105 792 2149 nomen
819 2087 933 2148 est-
957 2088 1063 2149 castra

51 2175 172 2257 posuit.
212 2174 402 2258 Opportuna
424 2173 618 2257 explicandis
642 2173 741 2257 copiis
763 2172 853 2258 regio
877 2176 953 2256 erat,
977 2173 1061 2255 equi·
1124 2195 1128 2203 ·

52 2262 163 2327 tabilis
190 2265 223 2326 et
244 2266 335 2327 vasta
357 2262 520 2345 planities:
547 2283 588 2325 ne
611 2261 727 2345 stirpes
750 2261 877 2344 quidem
900 2265 932 2325 et
954 2261 1063 2325 brevia

53 2350 196 2434 virgulta
223 2352 372 2435 operiunt
396 2352 501 2415 solum
522 2350 666 2435 liberque
688 2352 875 2433 prospectus
899 2349 1063 2413 oculorum

55 2439 154 2502 etiam
177 2438 218 2502 ad
241 2460 288 2522 ea,
309 2460 390 2523 quae
407 2439 518 2522 procul
535 2458 702 2520 recessere,
724 2437 935 2520 permittitur:
959 2439 1063 2520 atque,

55 2527 86 2590 si
109 2548 170 2610 qua
191 2529 296 2611 campi
314 2527 507 2609 eminebant,
528 2526 623 2590 iussit
640 2525 770 2608 aequari
787 2527 954 2606 totumque
973 2523 1062 2588 fasti-

14 2616 326 2768 tlglumhlbieahldio
350 2703 405 2788 qui
426 2723 593 2767 numerum
616 2700 779 2784 copiarum
801 2699 883 2799 eius,
907 2700 1063 2782 quantum
1082 2716 1115 2764 11

56 2793 166 2876 procul
203 2792 374 2856 coniectari
408 2794 546 2874 poterat,
584 2788 798 2854 aestimabant
832 2808 886 2851 vix
919 2785 1064 2850 fecenmt

56 2879 151 2945 fidem
172 2882 223 2945 tot
244 2880 374 2944 milibus
397 2879 498 2944 caesis
520 2879 657 2943 maiores
675 2875 783 2959 copias
803 2895 871 2940 esse
888 2877 1062 2957 reparatas.

58 2967 206 3034 Ceterum
234 2969 339 3033 omnis
365 2967 497 3052 periculi
524 2970 557 3030 et
583 2964 720 3030 maxime
747 2962 960 3027 multitudinis
988 2980 1115 3028 con-12

58 3060 197 3140 temptor
218 3055 392 3122 undecimis
415 3055 526 3119 castris
550 3053 591 3118 ad
607 3052 796 3136 Euphraten
818 3051 975 3135 pervenit:
999 3073 1061 3134 quo

59 3145 208 3230 pontibus
234 3145 344 3210 iuncto
373 3143 495 3228 equites
522 3143 643 3226 primos
666 3141 726 3224 ire,
756 3139 950 3224 phalangem
974 3140 1063 3223 sequi

59 3234 154 3317 iubet,
175 3231 313 3316 Mazaeo,
336 3232 392 3317 qui
415 3230 455 3295 ad
476 3229 687 3294 inhibendum
708 3229 881 3293 transitum
899 3228 966 3292 eius
990 3249 1063 3292 cum

62 3343 115 3387 sex
140 3321 268 3385 milibus
296 3322 441 3405 equitum
467 3322 658 3400 occurrerat,
689 3339 756 3382 non
784 3338 861 3381 auso
888 3315 1062 3398 periculum

63 3411 110 3476 sui
139 3409 248 3474 facere.
302 3408 415 3473 Paucis
447 3406 559 3470 deinde
588 3427 655 3470 non
683 3405 723 3470 ad
751 3405 903 3489 quietem,
938 3403 993 3468 sed
1023 3402 1063 3466 ad
1082 3422 1115 3470 13

63 3498 293 3582 praeparandos
312 3498 437 3561 animos
456 3495 567 3560 diebus
586 3494 669 3558 datis
687 3494 782 3557 militi
797 3496 923 3556 strenue
936 3491 1064 3556 bostem

64 3587 181 3669 insequi
204 3586 316 3669 coepit,
338 3588 494 3667 metuens,
516 3605 557 3646 ne
579 3583 733 3647 interiora
754 3582 846 3666 regni
869 3581 919 3645 sui
940 3583 1064 3664 peteret
