2582 4098
235 209 487 265 HISTORIARUM
505 210 719 266 ALEXANDRI
737 212 789 282 IV,
809 219 850 268 12.
871 221 910 268 13.
1031 215 1075 279 65

51 377 164 440 quam
191 355 275 420 circa
296 354 419 419 humidi
439 354 616 422 effirderant
632 358 767 437 montes,
789 356 969 420 universam
988 355 1073 442 cqui-

51 444 134 508 dem
168 444 220 507 rei
246 443 360 506 faciem
386 464 453 507 non
480 443 628 524 abstulit,
658 447 798 508 ceterum
825 445 988 528 agminum
1012 445 1074 509 dis·

51 531 206 596 crimina
232 534 326 614 atque
353 530 498 595 ordinem
523 531 688 614 prohibuit
712 532 858 615 perspici.
901 531 1073 598 Multitudo

50 619 282 682 inundaverat
321 640 450 702 campos
490 619 697 703 fremitusque
733 622 784 683 tot
817 619 940 683 milium
976 621 1073 684 etiam

52 707 178 790 procul
217 707 371 772 stantium
407 728 499 771 aures
533 706 719 790 inpleverat.
772 706 935 772 Fluctuari
965 710 1073 773 animo
1092 733 1125 782 21

51 817 112 858 rex
140 798 179 860 et
203 795 298 859 modo
321 816 427 877 suum,
449 793 545 859 modo
566 793 787 859 Parmenionis
811 795 980 860 consilium
1002 817 1074 860 sera

52 883 292 948 aestimatione
314 881 524 966 perpendere:
548 883 664 966 quippe
687 903 724 947 eo
742 887 873 947 ventum
890 887 967 968 crat,
988 885 1074 948 unde

52 971 163 1054 recipi
200 971 368 1053 exercitus,
403 971 467 1034 nisi
497 970 612 1053 victor,
644 971 711 1035 sine
742 970 831 1034 clade
861 993 928 1036 non
956 975 1073 1055 posset

52 1057 181 1143 Itaque
214 1058 413 1124 dissimulato
444 1079 563 1141 pavore
591 1059 842 1122 mercennarium
869 1059 1008 1143 equitem
1035 1082 1073 1124 ex
1091 1085 1125 1134 22

54 1145 211 1212 Paeonia
227 1146 414 1230 praecedere
432 1146 529 1210 iubet
564 1145 638 1229 Ipse
655 1146 857 1230 phalangem,
878 1148 962 1211 sicut
978 1153 1074 1212 antea
1091 1175 1125 1226 23

54 1235 188 1299 dictum
213 1239 270 1317 est,
291 1234 327 1298 in
348 1233 411 1298 duo
430 1254 549 1299 cornua
566 1234 764 1298 extenderat:
787 1237 956 1317 utrumque
974 1256 1073 1300 cornu

57 1323 193 1406 equites
220 1323 382 1407 tegebant
430 1321 560 1406 Iamque
589 1321 720 1386 nitidior
748 1322 803 1385 lux
831 1321 974 1386 discussa
1001 1324 1074 1388 cali·

57 1411 136 1494 gine
178 1410 282 1474 aciem
312 1409 454 1474 hostium
488 1410 683 1493 ostenderat,
719 1412 753 1473 et
783 1408 972 1474 Macedones
1007 1412 1072 1476 sive

63 1498 239 1564 alacritate
267 1498 332 1564 sive
359 1498 465 1562 taedio
489 1497 718 1581 expectationis
740 1497 906 1582 ingentem
927 1518 1072 1582 pugnan-

57 1586 144 1650 tium
179 1607 269 1650 more
301 1586 427 1650 edidere
458 1585 637 1650 clamorem.
681 1585 835 1650 Redditus
863 1589 896 1649 et
922 1607 941 1649 a
966 1585 1073 1651 Persis

58 1694 201 1738 nemora
218 1674 378 1757 vallesque
398 1673 615 1738 circumiectas
633 1673 769 1739 terribili
787 1695 867 1739 sono
884 1674 1072 1757 inpleverat:

58 1782 120 1824 nec
157 1761 228 1826 iarn
263 1762 420 1826 contineri
450 1761 640 1827 Macedones
671 1765 833 1845 poterant,
870 1762 947 1846 quin
979 1783 1073 1826 cursu
1092 1787 1124 1834 24

62 1870 193 1932 quoqne
223 1849 264 1913 ad
290 1850 416 1913 hostem
443 1849 677 1913 contenderent
721 1848 836 1913 Melius
859 1849 962 1913 adhuc
984 1854 1073 1914 ratus

62 1936 98 1999 in
121 1937 239 2002 eodem
260 1938 384 2001 tumulo
403 1940 508 2001 castra
525 1937 658 2020 munire,
679 1957 734 2001 rea
751 1937 870 2001 vallum
887 1936 950 2002 iaci
967 1938 1072 2002 iussit:
1130 2017 1134 2024 ι

64 2027 260 2109 strenueque
291 2045 385 2108 opere
416 2024 555 2108 perfecto
586 2024 621 2088 in
650 2024 906 2109 tabernaculum,
939 2046 978 2090 ex
1010 2047 1072 2110 quo

62 2113 135 2176 tota
157 2114 244 2178 acies
267 2112 410 2177 hostiurn
433 2112 700 2196 conspiciebatur,
723 2114 861 2178 secessit

474 2268 553 2336 One.
573 2269 661 2365 XIII.

17 2373 55 2436 47
154 2375 240 2440 Tum
272 2397 346 2442 vero
377 2376 527 2441 universa
557 2376 657 2440 futuri
688 2375 879 2441 discriminis
910 2375 1008 2440 facies
1038 2377 1107 2446 in1

67 2463 168 2529 oculis
193 2467 274 2528 erat:
297 2464 394 2528 armis
414 2464 596 2550 insignibus
618 2464 692 2548 equi
711 2463 834 2546 virique
854 2463 1073 2548 splendebant,

67 2552 99 2612 et
121 2553 233 2617 omnia
254 2553 424 2617 intentiore
451 2573 527 2617 cura
550 2551 734 2636 praeparari
756 2551 841 2634 apud
862 2551 989 2615 hostem
1012 2551 1073 2614 sol·

67 2635 199 2706 licitudo
222 2644 406 2725 praetorum
429 2641 558 2726 agmina
577 2662 636 2704 sua
652 2638 950 2721 interequitantium
968 2641 1073 2702 osten-

68 2723 178 2811 debat,
211 2749 248 2792 ac
278 2729 428 2812 pleraque
458 2728 580 2810 inania,
612 2728 694 2828 sicut
722 2726 868 2826 fremitus
897 2725 1107 2810 hominumn

69 2831 240 2998 {lllltlt
264 2816 924 2987 ttttltsfflllmffltfttttt
958 2813 1108 2986 lltln

71 3007 134 3052 sive
158 2992 275 3056 dubius
297 2992 411 3075 animi,
435 2993 501 3056 sive
523 2996 561 3055 ut
582 3011 657 3055 suos
680 2989 883 3074 experiretur,
905 2991 1074 3054 consilium

70 3075 212 3163 adhibet,
243 3080 319 3163 qnid
349 3080 506 3164 optimum
534 3080 622 3144 factu
651 3081 747 3159 esset,
777 3078 953 3162 exquirens.
997 3077 1109 3148 Par-4

71 3167 190 3250 menio,
224 3168 435 3250 peritissimus
466 3167 552 3230 inter
582 3167 676 3230 duces
707 3165 825 3230 artium
857 3166 945 3248 belli,
978 3165 1074 3251 furto,

71 3267 135 3315 non
157 3256 278 3338 proelio
302 3277 381 3338 opus
404 3275 472 3320 csse
495 3255 659 3318 censebat:
683 3253 886 3337 ‘intempesta
905 3257 999 3318 nocte
1018 3276 1073 3337 op·

73 3339 166 3416 primi
187 3364 281 3427 posse
302 3342 424 3408 hostes:
450 3341 603 3407 discordis
626 3341 777 3421 moribus,
798 3343 926 3427 linguis,
949 3341 990 3406 ad
1012 3342 1073 3407 hoc

75 3443 183 3495 somno
210 3435 243 3496 et
267 3431 430 3515 inproviso
457 3431 597 3514 periculo
625 3432 768 3514 territos,
801 3431 928 3513 quando
956 3430 990 3493 in
1017 3451 1073 3494 no·

77 3514 185 3582 eterna
205 3520 416 3603 trepidatione
439 3519 600 3584 coituros?
626 3519 672 3583 At
693 3518 832 3583 interdiu
854 3518 993 3601 primum
1010 3521 1109 3584 ter-s

76 3597 178 3669 ribiles
209 3629 394 3672 occursuras
423 3607 519 3672 facies
547 3604 739 3690 Scytharum
769 3605 1073 3688 Bactrianorumque

125 3705 213 3753 curtim
225 3713 306 3754 numa.
899 3713 915 3758 5
937 3721 946 3738 “
