2552 4108
248 206 501 262 HISTORIARUM
518 207 733 262 ALEXANDRI
752 208 805 279 111,
824 213 848 263 7.
867 214 891 263 8.
1039 210 1080 274 15

68 349 160 414 visus
183 360 233 415 est
255 351 472 434 suppressisse
496 351 581 416 etin
598 351 726 437 agmine
740 374 761 417 a
774 349 978 418 Cretensibus
992 352 1079 418 haud

68 437 168 503 dubie
190 438 281 504 iussu
303 440 390 526 regis
414 440 546 506 occisus.

485 596 563 664 Ore.
585 597 675 665 VIIL

8 709 57 773 19
160 703 292 788 Iamque
315 701 430 769 Graeci
456 704 591 789 milites,
621 726 702 789 quos
725 703 909 789 Thymodes
936 727 956 770 a
977 703 1076 770 Phar·
1097 727 1111 776 1

66 791 195 857 nebazo
232 795 411 877 acceperat,
455 793 629 876 praecipua
669 815 742 877 spes
779 796 812 857 et
847 794 1077 878 propemodum

67 880 179 964 unice,
211 880 251 945 ad
277 880 419 945 Dareum
445 886 664 964 pervenerant.
712 880 757 946 Hi
783 902 977 966 magnopere
1005 904 1111 952 sua-2

68 967 204 1048 debant,
239 972 276 1033 ut
310 971 396 1035 retro
434 969 538 1034 abiret
571 971 792 1054 spatiososque
823 969 1077 1055 Mesopotamiae

67 1057 1077 1229 ttltbtlllll‘allaldlllttltmttldhll

67 1232 221 1298 fortunae
255 1233 356 1299 ictum
391 1236 477 1299 totas
513 1234 597 1298 vires
628 1235 720 1320 regni
756 1233 867 1299 cedere
903 1239 1030 1319 pateret
1069 1285 1076 1299 .

66 1321 180 1386 Minus
201 1321 264 1387 hoo
285 1322 355 1407 regi
376 1343 473 1405 quam
494 1323 679 1405 purpuratis
703 1323 771 1387 eius
794 1321 997 1407 displicebat:
1021 1344 1111 1392 auu-3

67 1408 201 1492 cipitem
223 1410 319 1474 fidem
339 1413 372 1474 et
393 1410 536 1475 mercede
554 1411 699 1475 venalem
717 1409 892 1494 proditioni
909 1412 1076 1477 imminere

68 1501 104 1562 et
131 1498 231 1562 dividi
256 1520 323 1563 non
350 1498 392 1563 ob
419 1498 506 1563 aliud
528 1499 637 1582 copias
659 1500 754 1583 velle,
781 1520 878 1582 quam
900 1502 936 1563 ut
957 1498 1020 1583 ipsi
1043 1501 1077 1563 in

68 1586 198 1651 diversa
224 1585 373 1671 digressi,
403 1587 431 1651 si
458 1587 534 1670 quid
560 1588 766 1652 commissum
793 1589 891 1669 esset,
913 1588 1077 1651 traderent

66 1673 268 1740 Alexandro:
303 1675 384 1738 nibil
411 1675 513 1740 tutius
539 1674 622 1760 fore,
654 1697 751 1759 quam
778 1674 991 1740 circumdatos
1021 1697 1076 1739 eos

67 1763 213 1827 exercitu
235 1766 305 1827 toto
329 1763 422 1828 obrui
444 1763 527 1846 telis,
549 1763 774 1828 documentum
791 1783 858 1827 non
871 1763 992 1827 inultae
1006 1784 1075 1846 per-

66 1851 164 1915 fidiae
192 1850 327 1916 futuros.
372 1849 418 1914 At
440 1849 577 1934 Dareus,
609 1854 646 1915 ut
672 1854 742 1915 erat
764 1854 893 1915 sanetus
917 1871 955 1915 ao
977 1851 1111 1934 mitiss

68 1961 105 2004 se
129 1959 204 2004 vero
226 1942 353 2003 tantum
376 1937 499 2002 facinus
521 1940 620 2022 negat
641 1959 711 2002 esse
733 1937 907 2021 facturum,
928 1941 966 2003 ut
986 1961 1077 2003 suam

69 2029 199 2091 secutos
229 2027 341 2110 fidem,
373 2047 449 2091 suos
480 2026 600 2090 milites
631 2025 741 2090 iubeat
767 2026 928 2092 trucidari.
974 2025 1109 2102 Quems

68 2114 184 2179 deinde
220 2115 357 2199 amplius
392 2115 561 2180 nationum
596 2117 777 2178 exterarum
812 2115 948 2180 salutem
984 2137 1076 2180 suam

67 2203 266 2268 crediturum
302 2201 376 2286 sibi,
413 2203 441 2267 si
476 2205 527 2267 tot
561 2203 700 2266 militum
732 2204 888 2288 sanguine
920 2204 1077 2268 inbuisset

67 2291 208 2355 manus?
260 2290 431 2356 Neminem
471 2290 621 2355 stolidum
653 2291 821 2356 consilium
852 2292 957 2374 capite
989 2292 1110 2358 lueree

68 2379 198 2444 debere:
221 2379 386 2444 defuturos
409 2379 507 2464 enirn,
530 2379 585 2462 qui
608 2379 786 2462 suaderent,
809 2379 836 2443 si
860 2381 999 2444 suasisse
1021 2402 1075 2463 pe-

66 2468 245 2533 riculosum
272 2471 365 2532 esset.
410 2466 554 2550 Denique
576 2467 665 2550 ipsos
688 2467 805 2532 cotidie
828 2488 848 2530 a
870 2488 904 2531 se
927 2468 1076 2531 advocari

67 2557 104 2621 in
137 2556 306 2620 consilium
331 2556 500 2640 variasque
528 2556 701 2619 sententias
729 2555 847 2632 dicere,
878 2575 936 2618 nec
966 2557 1076 2617 tamen

66 2643 211 2709 melioris
233 2643 309 2709 fidei
329 2643 455 2727 haberi,
482 2643 537 2728 qui
558 2642 746 2727 prudentius
770 2641 916 2707 suaserit.
960 2640 1108 2727 ltaque?

67 2731 201 2797 Graecis
231 2731 380 2797 nuntiare
410 2731 513 2816 iubet,
548 2731 654 2815 ipsum
685 2730 812 2814 quidem
841 2729 1076 2794 benivolentiae

66 2821 199 2886 illorum
231 2821 352 2905 gratias
385 2840 494 2905 egere,
524 2823 678 2901 ceterum,
711 2819 738 2882 si
769 2820 853 2882 retro
880 2817 926 2882 ire
953 2822 1076 2903 pergat,

66 2908 157 2974 haud
181 2908 275 2972 dubie
297 2929 431 2993 regnum
452 2907 600 2973 hostibus
623 2906 825 2971 traditurum.
868 2904 969 2970 Fama
991 2907 1076 2971 bella

67 3001 157 3061 stare
180 3000 315 3079 etcum,
339 2996 394 3081 qui
416 2995 552 3080 recedat,
573 2995 685 3080 fugere
703 2993 797 3059 credi.
826 2993 985 3059 Trahendi
999 3015 1075 3058 vero

66 3085 148 3150 belli
174 3086 227 3149 vix
252 3086 352 3149 ullam
374 3105 444 3149 esse
466 3083 634 3149 rationem.
679 3082 802 3147 Tantae
825 3083 911 3146 enim
934 3083 1111 3152 multitu-e

68 3173 148 3256 dini,
170 3173 279 3256 utique
303 3195 375 3238 cum
395 3173 461 3237 iam
483 3171 586 3236 hiems
608 3171 752 3255 instaret,
774 3171 810 3236 in
831 3171 961 3256 regione
984 3175 1077 3236 vasta

68 3265 103 3326 et
128 3261 267 3327 invicem
294 3283 314 3325 a
341 3261 406 3326 suis
434 3263 529 3344 atque
554 3258 648 3323 hoste
675 3263 790 3324 vexata
816 3280 882 3324 non
905 3259 1076 3323 suffectura

69 3350 232 3414 alimenta.
268 3347 317 3414 Ne
340 3348 438 3414 dividi
456 3347 583 3434 quidem
601 3348 709 3431 copias
727 3367 823 3431 posse
843 3350 968 3411 servato
987 3367 1110 3415 mores

68 3439 238 3522 maiorum,
260 3437 316 3522 qui
337 3436 501 3501 universas
524 3436 607 3500 vires
627 3435 802 3500 discrimini
822 3434 980 3499 bellorum
995 3458 1075 3501 sem-

68 3547 127 3609 per
154 3526 337 3590 obtulerint
381 3525 439 3608 Et,
469 3525 611 3608 hercule,
642 3525 817 3588 terribilem
846 3527 941 3587 antea
967 3545 1076 3608 regem
1096 3543 1128 3590 10

68 3617 104 3678 et
126 3614 275 3679 absentia
297 3636 356 3679 sua
379 3613 420 3679 ed
442 3635 559 3678 vanam
580 3612 729 3676 fiduciam
752 3613 880 3694 elatum,
905 3615 1075 3695 postquam
