2552 4108
212 175 256 238 50
573 172 605 238 Q.
624 172 733 228 CURTI
749 173 837 228 RUFI

213 341 285 384 cum
307 319 420 387 ardore
443 321 477 383 et
499 317 641 383 siccitate
663 317 813 401 regionis,
836 316 891 382 sed
914 317 1011 381 etiam
1033 339 1111 382 curn
1140 321 1234 384 tena-

213 407 339 474 cissimo
377 408 503 490 sabulo,
539 405 624 489 quod
659 406 838 490 praealtum
869 407 902 469 et
931 405 1072 490 vestigio
1105 408 1232 471 cedens

177 516 307 582 saegre
339 496 515 560 moliuntur
544 495 650 577 pedes.
693 493 782 558 Haeo
808 493 965 578 Aegyptii
990 515 1068 558 vero
1097 497 1233 560 maiore

212 585 384 649 iactabant.
429 580 491 647 Sed
515 581 631 667 ingens
653 581 768 666 cupido
792 581 934 646 animum
956 581 1157 648 stimulabat
1182 584 1233 647 ad·

213 673 310 737 eundi
337 670 459 755 Iovem,
495 691 589 755 quem
618 669 743 755 generis
770 669 820 734 sui
847 672 1009 734 auctorem
1034 669 1130 734 haud
1157 693 1233 736 con-

211 763 320 824 tentus
356 759 484 825 mortali
516 757 648 842 fastigio
681 760 737 822 aut
769 756 917 823 credebat
946 778 1015 822 esse
1045 761 1106 822 aut
1144 761 1233 824 credi

178 847 349 915 evolebat
392 844 481 932 Ergo
509 867 581 910 cum
602 846 656 930 iis,
683 867 763 931 quos
786 845 899 910 ducere
922 867 1029 910 secum
1052 845 1261 931 statuerat,3l

213 935 351 999 secundo
386 956 480 999 amne
511 933 675 999 descendit
705 934 745 998 ad
776 932 935 998 Mareotin
965 932 1130 1017 paludem.
1185 935 1232 1000 Eo

212 1023 312 1108 legati
334 1020 566 1107 Cyrenensium
588 1022 673 1087 dona
695 1023 845 1106 attulere,
867 1043 979 1107 paoem
1001 1024 1035 1085 et
1056 1025 1097 1086 ut
1119 1025 1233 1088 adiret

213 1111 307 1175 urbes
335 1133 408 1176 suas
425 1113 590 1198 petentes.
638 1110 696 1175 Ille
729 1109 820 1174 donis
848 1109 986 1194 acceptis
1015 1110 1232 1196 amicitiaque

163 1217 195 1265 10
214 1197 384 1265 coniuncta
411 1199 570 1264 destinata
597 1198 708 1282 exequi
729 1198 843 1282 pergit.
891 1198 939 1262 Ac
960 1196 1065 1282 primo
1093 1200 1232 1283 quidem

214 1289 247 1351 et
275 1290 427 1371 sequente
455 1289 505 1352 die
535 1287 713 1353 tolerabilis
744 1286 836 1351 labor
866 1285 953 1350 visus
979 1285 1129 1350 nondum
1161 1292 1231 1352 tam

213 1376 313 1440 vastis
338 1376 495 1459 nudisque
518 1375 742 1440 solitudinibus
765 1373 873 1457 aditis,
899 1374 964 1438 iam
985 1377 1099 1438 maren
1123 1377 1231 1441 sterili

163 1481 194 1530 11
214 1467 247 1528 et
269 1465 442 1529 emoriente
464 1467 558 1528 terra.
588 1460 651 1527 Sed
672 1466 709 1527 ut
731 1483 881 1546 aperuere
903 1483 936 1526 se
956 1463 1060 1545 campi
1078 1464 1152 1529 alto
1176 1465 1229 1529 ob·

212 1553 277 1616 ruti
305 1553 432 1635 sabu10‚
462 1551 549 1615 haud
576 1572 665 1614 secus
693 1572 788 1634 quam
813 1549 1007 1634 profundum
1029 1571 1158 1634 aequor
1182 1554 1230 1616 in·

163 1641 316 1726 regressi
337 1643 456 1704 terrem
480 1639 579 1703 oculis
601 1639 813 1721 requirebant.
848 1636 947 1702 Nulla
970 1638 1074 1721 arbor,
1096 1641 1229 1704 nullum

214 1729 292 1793 culti
315 1728 376 1793 soli
396 1727 583 1792 occurrebat
599 1727 778 1812 vestigium
813 1726 909 1810 Aqua
931 1726 1027 1790 etiam
1050 1726 1229 1810 defecerat,

214 1838 310 1900 quam
332 1815 457 1880 utribus
481 1816 592 1880 cameli
615 1819 775 1898 vexerant,
797 1817 829 1878 et
850 1815 885 1878 in
904 1813 993 1878 arido
1013 1815 1082 1879 solo
1104 1837 1148 1880 ac
1166 1817 1227 1880 fer·

163 1922 194 1969 13
213 1904 287 1969 vido
311 1904 422 1968 sabulo
446 1905 536 1968 nulla
559 1907 635 1968 erat.
673 1902 726 1966 Ad
746 1902 808 1967 hoc
832 1901 880 1967 sol
903 1901 1012 1967 omnia
1033 1902 1228 1968 incenderat

215 1991 359 2074 siccaque
391 1994 423 2055 et
454 1991 567 2056 adusta
598 1993 691 2055 erant
722 2012 793 2074 ora,
824 2012 896 2055 cum
924 1992 1055 2074 repente
1086 2027 1134 2038 —
1162 1994 1226 2057 sive

214 2076 292 2140 illud
316 2076 446 2141 deorum
469 2101 585 2144 munus
610 2080 675 2144 sive
698 2100 789 2143 casus
811 2079 931 2142 fuit-
953 2077 1112 2142 obductae
1137 2082 1225 2144 caelo

215 2165 316 2228 nubes
339 2164 507 2229 condidere
531 2166 643 2250 solem,
665 2168 779 2252 ingens
803 2168 894 2231 aestu
916 2165 1074 2251 fatigatis,
1094 2167 1226 2232 etiamsi

164 2272 196 2318 14
216 2274 300 2336 aqua
322 2252 476 2337 deficeret,
499 2254 659 2319 auxilium.
690 2255 862 2320 Enimvero
886 2257 923 2318 ut
943 2255 1070 2338 largum
1093 2276 1225 2340 quoque

214 2340 348 2405 imbrem
372 2347 577 2406 excusserunt
598 2343 765 2427 procellae,
787 2365 845 2426 pro
868 2364 901 2407 se
923 2342 1056 2426 quisque
1075 2345 1225 2428 excipere

215 2451 296 2514 eum,
319 2429 448 2514 quidam
467 2431 508 2495 ob
527 2431 612 2495 sitim
630 2431 810 2515 inpotentes
830 2431 879 2494 sui
898 2452 952 2495 ore
971 2451 1098 2515 quoque
1115 2430 1225 2496 hianti

164 2535 195 2584 15
215 2522 343 2602 captare
362 2522 544 2603 coeperunt.
580 2517 797 2594 Quadriduum
820 2540 876 2603 per
897 2520 1006 2582 vastas
1029 2518 1225 2584 solitudines

213 2607 419 2692 absumptum
452 2611 509 2672 est.
561 2606 692 2691 Iamque
727 2606 814 2670 baud
848 2607 960 2690 procul
992 2607 1113 2671 oraculi
1148 2609 1224 2673 sede

215 2694 356 2779 aberant,
375 2717 448 2759 cum
466 2697 633 2780 conplures
649 2695 735 2760 corvi
749 2694 871 2779 agmini
885 2698 1067 2759 occurrunt:
1091 2696 1223 2760 modico

214 2780 322 2845 volatu
344 2782 449 2866 prima
471 2785 564 2869 signa
586 2784 808 2848 antecedentes
830 2785 889 2864 [et]
913 2783 1007 2848 modo
1030 2782 1122 2846 humi
1144 2786 1223 2848 resi-

215 2868 342 2952 debant,
364 2891 437 2934 cum
458 2871 577 2936 lentius
600 2891 715 2956 agmen
736 2870 905 2955 incederet,
926 2870 1021 2936 modo
1045 2891 1079 2936 se
1102 2873 1222 2955 pennis

162 2977 194 3024 16
214 2956 364 3021 levabant
391 2956 572 3024 ducentium
598 2961 720 3044 iterque
748 2959 995 3023 monstrantium
1017 2959 1090 3023 ritu.
1136 2957 1256 3023 Tan-31

215 3044 286 3108 dem
310 3043 349 3108 ad
373 3045 479 3109 sedem
502 3051 720 3112 consecratam
743 3046 801 3112 deo
824 3050 956 3110 ventum
979 3049 1036 3110 est.
1080 3045 1222 3112 Incredi-

213 3131 278 3196 bile
306 3131 406 3215 dictu,
436 3133 520 3198 inter
542 3138 649 3200 vastas
673 3135 859 3201 solitudines
883 3134 945 3198 sita
967 3134 1108 3218 undique
1131 3137 1220 3200 amb-

213 3220 353 3286 ientibus
385 3222 482 3285 ramis
509 3222 562 3286 vix
592 3224 627 3286 in
653 3224 786 3288 densam
812 3223 959 3286 umbram
990 3221 1123 3287 cadente
1150 3225 1218 3287 sole

214 3311 360 3374 contecta
391 3312 453 3394 est,
484 3309 639 3395 multique
667 3313 774 3377 fontes
802 3310 946 3375 dulcibus
973 3310 1064 3394 aquis
1097 3311 1218 3395 passim

160 3417 194 3465 17
213 3396 418 3462 manantibus
441 3397 532 3461 alunt
549 3399 654 3463 silvas.
691 3398 780 3465 Caeli
798 3420 922 3483 quoque
940 3399 1021 3462 mira
1038 3399 1217 3481 temperies,

212 3506 310 3550 verno
337 3486 441 3569 tepori
467 3485 603 3550 maxime
631 3487 757 3571 similis,
786 3508 896 3552 omnes
920 3487 996 3550 anni
1017 3489 1124 3570 partes
1147 3487 1216 3570 peri

160 3595 194 3643 18
213 3573 399 3638 salubritate
430 3575 594 3659 percurrit.
638 3576 775 3641 Accolae
807 3575 890 3638 sedis
923 3578 998 3639 sunt
1028 3574 1068 3638 ab
1096 3573 1216 3638 oriente
