<?xml version="1.0" encoding="UTF-8"?>
<!DOCTYPE html PUBLIC "-//W3C//DTD XHTML 1.0 Transitional//EN"
    "http://www.w3.org/TR/xhtml1/DTD/xhtml1-transitional.dtd">
<html xmlns="http://www.w3.org/1999/xhtml" xml:lang="en" lang="en">
 <head>
  <title>
</title>
<meta http-equiv="Content-Type" content="text/html;charset=utf-8" />
  <meta name='ocr-system' content='tesseract 3.04.00' />
  <meta name='ocr-capabilities' content='ocr_page ocr_carea ocr_par ocr_line ocrx_word'/>
</head>
<body>
  <div class='ocr_page' id='page_1' title='image "./qcurtirufihisto04rufugoog_0181.png"; bbox 0 0 2600 4096; ppageno 0'>
   <div class='ocr_carea' id='block_1_1' title="bbox 281 216 1091 288">
    <p class='ocr_par' dir='ltr' id='par_1_1' title="bbox 281 216 1091 288">
     <span class='ocr_line' id='line_1_1' title="bbox 281 216 1091 288; baseline 0.012 -16"><span class='ocrx_word' id='word_1_1' title='bbox 281 216 536 274; x_wconf 81' lang='lat' dir='ltr'>HISTORIARUM</span> <span class='ocrx_word' id='word_1_2' title='bbox 553 216 769 272; x_wconf 83' lang='lat' dir='ltr'>ALEXANDRI</span> <span class='ocrx_word' id='word_1_3' title='bbox 786 217 847 288; x_wconf 86' lang='lat' dir='ltr'>Vll,</span> <span class='ocrx_word' id='word_1_4' title='bbox 868 223 891 272; x_wconf 90' lang='lat' dir='ltr'>l.</span> <span class='ocrx_word' id='word_1_5' title='bbox 1027 217 1091 282; x_wconf 89' lang='grc'>149</span> 
     </span>
    </p>
   </div>
   <div class='ocr_carea' id='block_1_2' title="bbox 53 361 1147 3713">
    <p class='ocr_par' dir='ltr' id='par_1_2' title="bbox 53 361 1147 3713">
     <span class='ocr_line' id='line_1_2' title="bbox 84 361 1125 450; baseline -0.004 -22"><span class='ocrx_word' id='word_1_6' title='bbox 84 363 191 450; x_wconf 88' lang='lat' dir='ltr'>magis</span> <span class='ocrx_word' id='word_1_7' title='bbox 223 385 320 447; x_wconf 91' lang='lat' dir='ltr'>quam</span> <span class='ocrx_word' id='word_1_8' title='bbox 351 362 478 426; x_wconf 78' lang='lat' dir='ltr'>crimini</span> <span class='ocrx_word' id='word_1_9' title='bbox 504 361 615 448; x_wconf 51' lang='lat' dir='ltr'>¹fuerat</span> <span class='ocrx_word' id='word_1_10' title='bbox 646 364 827 446; x_wconf 85' lang='lat' dir='ltr'>exemptus:</span> <span class='ocrx_word' id='word_1_11' title='bbox 862 365 933 426; x_wconf 91' lang='lat' dir='ltr'>tum</span> <span class='ocrx_word' id='word_1_12' title='bbox 965 374 1125 448; x_wconf 67' lang='lat' dir='ltr'>quoque?</span> 
     </span>
     <span class='ocr_line' id='line_1_3' title="bbox 85 450 1092 535; baseline -0.001 -19"><span class='ocrx_word' id='word_1_13' title='bbox 85 451 255 535; x_wconf 88' lang='lat' dir='ltr'>Antipatri</span> <span class='ocrx_word' id='word_1_14' title='bbox 277 451 381 515; x_wconf 88' lang='lat' dir='ltr'>soceri</span> <span class='ocrx_word' id='word_1_15' title='bbox 409 450 477 516; x_wconf 91' lang='lat' dir='ltr'>eius</span> <span class='ocrx_word' id='word_1_16' title='bbox 499 471 610 534; x_wconf 83' lang='lat' dir='ltr'>preces</span> <span class='ocrx_word' id='word_1_17' title='bbox 632 450 752 515; x_wconf 88' lang='lat' dir='ltr'>iustam</span> <span class='ocrx_word' id='word_1_18' title='bbox 775 450 860 535; x_wconf 89' lang='lat' dir='ltr'>regis</span> <span class='ocrx_word' id='word_1_19' title='bbox 882 451 966 515; x_wconf 87' lang='lat' dir='ltr'>iram</span> <span class='ocrx_word' id='word_1_20' title='bbox 988 473 1092 516; x_wconf 88' lang='lat' dir='ltr'>mora·</span> 
     </span>
     <span class='ocr_line' id='line_1_4' title="bbox 87 537 1092 623; baseline -0.002 -19"><span class='ocrx_word' id='word_1_21' title='bbox 87 540 214 604; x_wconf 88' lang='lat' dir='ltr'>bantur.</span> <span class='ocrx_word' id='word_1_22' title='bbox 263 537 415 604; x_wconf 79' lang='lat' dir='ltr'>Ceterum</span> <span class='ocrx_word' id='word_1_23' title='bbox 436 537 600 604; x_wconf 76' lang='lat' dir='ltr'>recruduit</span> <span class='ocrx_word' id='word_1_24' title='bbox 622 542 816 622; x_wconf 89' lang='lat' dir='ltr'>suppuratus</span> <span class='ocrx_word' id='word_1_25' title='bbox 839 538 944 604; x_wconf 88' lang='lat' dir='ltr'>dolor:</span> <span class='ocrx_word' id='word_1_26' title='bbox 974 539 1092 623; x_wconf 91' lang='lat' dir='ltr'>quippe</span> 
     </span>
     <span class='ocr_line' id='line_1_5' title="bbox 86 627 1092 712; baseline -0.002 -20"><span class='ocrx_word' id='word_1_27' title='bbox 86 629 206 692; x_wconf 88' lang='lat' dir='ltr'>veteris</span> <span class='ocrx_word' id='word_1_28' title='bbox 228 627 362 712; x_wconf 91' lang='lat' dir='ltr'>periculi</span> <span class='ocrx_word' id='word_1_29' title='bbox 384 627 573 692; x_wconf 81' lang='lat' dir='ltr'>memoriam</span> <span class='ocrx_word' id='word_1_30' title='bbox 601 629 779 709; x_wconf 90' lang='lat' dir='ltr'>praesentis</span> <span class='ocrx_word' id='word_1_31' title='bbox 807 649 883 692; x_wconf 88' lang='lat' dir='ltr'>cura</span> <span class='ocrx_word' id='word_1_32' title='bbox 905 627 1092 692; x_wconf 88' lang='lat' dir='ltr'>renovabat.</span> 
     </span>
     <span class='ocr_line' id='line_1_6' title="bbox 84 714 1127 801; baseline -0.002 -21"><span class='ocrx_word' id='word_1_33' title='bbox 84 715 193 801; x_wconf 80' lang='lat' dir='ltr'>Igitur</span> <span class='ocrx_word' id='word_1_34' title='bbox 209 716 394 780; x_wconf 81' lang='lat' dir='ltr'>Alexander</span> <span class='ocrx_word' id='word_1_35' title='bbox 412 737 451 780; x_wconf 84' lang='lat' dir='ltr'>ex</span> <span class='ocrx_word' id='word_1_36' title='bbox 469 715 614 780; x_wconf 91' lang='lat' dir='ltr'>custodia</span> <span class='ocrx_word' id='word_1_37' title='bbox 632 714 777 780; x_wconf 78' lang='lat' dir='ltr'>educitur</span> <span class='ocrx_word' id='word_1_38' title='bbox 793 716 961 801; x_wconf 90' lang='lat' dir='ltr'>iussusque</span> <span class='ocrx_word' id='word_1_39' title='bbox 979 716 1092 798; x_wconf 84' lang='lat' dir='ltr'>dicere,</span> <span class='ocrx_word' id='word_1_40' title='bbox 1111 729 1127 777; x_wconf 80' lang='grc'>8</span> 
     </span>
     <span class='ocr_line' id='line_1_7' title="bbox 85 803 1093 889; baseline -0.002 -19"><span class='ocrx_word' id='word_1_41' title='bbox 85 825 281 889; x_wconf 89' lang='lat' dir='ltr'>quamquam</span> <span class='ocrx_word' id='word_1_42' title='bbox 308 807 380 868; x_wconf 91' lang='lat' dir='ltr'>toto</span> <span class='ocrx_word' id='word_1_43' title='bbox 405 803 545 868; x_wconf 89' lang='lat' dir='ltr'>triennio</span> <span class='ocrx_word' id='word_1_44' title='bbox 573 803 747 868; x_wconf 89' lang='lat' dir='ltr'>meditatus</span> <span class='ocrx_word' id='word_1_45' title='bbox 775 808 845 869; x_wconf 92' lang='lat' dir='ltr'>erat</span> <span class='ocrx_word' id='word_1_46' title='bbox 868 804 1093 888; x_wconf 84' lang='lat' dir='ltr'>defensionem,</span> 
     </span>
     <span class='ocr_line' id='line_1_8' title="bbox 85 891 1093 978; baseline -0.001 -21"><span class='ocrx_word' id='word_1_47' title='bbox 85 897 196 958; x_wconf 91' lang='lat' dir='ltr'>tamen</span> <span class='ocrx_word' id='word_1_48' title='bbox 218 893 384 958; x_wconf 75' lang='lat' dir='ltr'>haesitans</span> <span class='ocrx_word' id='word_1_49' title='bbox 409 896 442 956; x_wconf 93' lang='lat' dir='ltr'>et</span> <span class='ocrx_word' id='word_1_50' title='bbox 467 891 613 976; x_wconf 89' lang='lat' dir='ltr'>trepidus</span> <span class='ocrx_word' id='word_1_51' title='bbox 640 913 744 975; x_wconf 91' lang='lat' dir='ltr'>pauca</span> <span class='ocrx_word' id='word_1_52' title='bbox 767 913 806 957; x_wconf 88' lang='lat' dir='ltr'>ex</span> <span class='ocrx_word' id='word_1_53' title='bbox 831 893 888 977; x_wconf 90' lang='lat' dir='ltr'>iis,</span> <span class='ocrx_word' id='word_1_54' title='bbox 915 915 997 978; x_wconf 90' lang='lat' dir='ltr'>quae</span> <span class='ocrx_word' id='word_1_55' title='bbox 1020 914 1093 958; x_wconf 91' lang='lat' dir='ltr'>con-</span> 
     </span>
     <span class='ocr_line' id='line_1_9' title="bbox 85 979 1128 1154; baseline -0.002 -20"><span class='ocrx_word' id='word_1_56' title='bbox 85 985 261 1134; x_wconf 62' lang='lat' dir='ltr'>etth</span> <span class='ocrx_word' id='word_1_57' title='bbox 280 979 765 1134; x_wconf 55' lang='lat' dir='ltr'>llltlm&#39;tsllhuttt</span> <span class='ocrx_word' id='word_1_58' title='bbox 774 982 1128 1154; x_wconf 54' lang='lat' dir='ltr'>,tltttrtlhr</span> 
     </span>
     <span class='ocr_line' id='line_1_10' title="bbox 86 1121 1093 1241; baseline 0.001 -20"><span class='ocrx_word' id='word_1_59' title='bbox 86 1157 261 1241; x_wconf 86' lang='lat' dir='ltr'>trepidatio</span> <span class='ocrx_word' id='word_1_60' title='bbox 289 1157 502 1222; x_wconf 87' lang='lat' dir='ltr'>eonscientiae</span> <span class='ocrx_word' id='word_1_61' title='bbox 528 1157 681 1220; x_wconf 90' lang='lat' dir='ltr'>indicium</span> <span class='ocrx_word' id='word_1_62' title='bbox 708 1161 804 1235; x_wconf 86' lang='lat' dir='ltr'>esset,</span> <span class='ocrx_word' id='word_1_63' title='bbox 832 1178 898 1221; x_wconf 90' lang='lat' dir='ltr'>non</span> <span class='ocrx_word' id='word_1_64' title='bbox 919 1121 1093 1224; x_wconf 75' lang='lat' dir='ltr'>memoriae</span> 
     </span>
     <span class='ocr_line' id='line_1_11' title="bbox 86 1243 1093 1329; baseline 0 -19"><span class='ocrx_word' id='word_1_65' title='bbox 86 1247 212 1310; x_wconf 81' lang='lat' dir='ltr'>vitium.</span> <span class='ocrx_word' id='word_1_66' title='bbox 256 1243 371 1329; x_wconf 91' lang='lat' dir='ltr'>Itaque</span> <span class='ocrx_word' id='word_1_67' title='bbox 394 1266 432 1308; x_wconf 85' lang='lat' dir='ltr'>ex</span> <span class='ocrx_word' id='word_1_68' title='bbox 458 1245 524 1328; x_wconf 94' lang='lat' dir='ltr'>his,</span> <span class='ocrx_word' id='word_1_69' title='bbox 555 1245 611 1329; x_wconf 92' lang='lat' dir='ltr'>qui</span> <span class='ocrx_word' id='word_1_70' title='bbox 636 1244 777 1329; x_wconf 85' lang='lat' dir='ltr'>proximi</span> <span class='ocrx_word' id='word_1_71' title='bbox 804 1245 1011 1328; x_wconf 84' lang='lat' dir='ltr'>adstiterunt,</span> <span class='ocrx_word' id='word_1_72' title='bbox 1039 1247 1093 1310; x_wconf 81' lang='lat' dir='ltr'>oh</span> 
     </span>
     <span class='ocr_line' id='line_1_12' title="bbox 53 1332 1146 1400; baseline 0.002 -2"><span class='ocrx_word' id='word_1_73' title='bbox 53 1335 264 1399; x_wconf 83' lang='lat' dir='ltr'>2luctantem</span> <span class='ocrx_word' id='word_1_74' title='bbox 288 1333 391 1398; x_wconf 88' lang='lat' dir='ltr'>adhuc</span> <span class='ocrx_word' id='word_1_75' title='bbox 415 1333 570 1398; x_wconf 80' lang='lat' dir='ltr'>oblivioni</span> <span class='ocrx_word' id='word_1_76' title='bbox 592 1333 711 1398; x_wconf 87' lang='lat' dir='ltr'>lanceis</span> <span class='ocrx_word' id='word_1_77' title='bbox 735 1332 953 1399; x_wconf 84' lang='lat' dir='ltr'>confoderunt</span> <span class='ocrx_word' id='word_1_78' title='bbox 994 1333 1092 1400; x_wconf 80' lang='lat' dir='ltr'>Cuius</span> <span class='ocrx_word' id='word_1_79' title='bbox 1113 1350 1146 1400; x_wconf 78' lang='grc' dir='ltr'>ιο</span> 
     </span>
     <span class='ocr_line' id='line_1_13' title="bbox 87 1420 1095 1506; baseline -0.001 -19"><span class='ocrx_word' id='word_1_80' title='bbox 87 1444 220 1506; x_wconf 90' lang='lat' dir='ltr'>corpore</span> <span class='ocrx_word' id='word_1_81' title='bbox 244 1422 355 1486; x_wconf 89' lang='lat' dir='ltr'>ablato</span> <span class='ocrx_word' id='word_1_82' title='bbox 376 1441 433 1486; x_wconf 88' lang='lat' dir='ltr'>rex</span> <span class='ocrx_word' id='word_1_83' title='bbox 455 1420 618 1487; x_wconf 89' lang='lat' dir='ltr'>introduci</span> <span class='ocrx_word' id='word_1_84' title='bbox 639 1421 737 1486; x_wconf 89' lang='lat' dir='ltr'>iussit</span> <span class='ocrx_word' id='word_1_85' title='bbox 757 1420 934 1505; x_wconf 82' lang='lat' dir='ltr'>Amyntam</span> <span class='ocrx_word' id='word_1_86' title='bbox 957 1425 991 1486; x_wconf 91' lang='lat' dir='ltr'>et</span> <span class='ocrx_word' id='word_1_87' title='bbox 1013 1421 1095 1487; x_wconf 86' lang='lat' dir='ltr'>Sim·</span> 
     </span>
     <span class='ocr_line' id='line_1_14' title="bbox 86 1509 1093 1594; baseline -0.002 -18"><span class='ocrx_word' id='word_1_88' title='bbox 86 1512 203 1576; x_wconf 87' lang='lat' dir='ltr'>miam:</span> <span class='ocrx_word' id='word_1_89' title='bbox 239 1531 317 1574; x_wconf 87' lang='lat' dir='ltr'>nam</span> <span class='ocrx_word' id='word_1_90' title='bbox 353 1509 523 1594; x_wconf 90' lang='lat' dir='ltr'>Polemon,</span> <span class='ocrx_word' id='word_1_91' title='bbox 554 1509 706 1574; x_wconf 92' lang='lat' dir='ltr'>minimus</span> <span class='ocrx_word' id='word_1_92' title='bbox 742 1532 780 1575; x_wconf 86' lang='lat' dir='ltr'>ex</span> <span class='ocrx_word' id='word_1_93' title='bbox 814 1509 986 1594; x_wconf 88' lang='lat' dir='ltr'>fratribus,</span> <span class='ocrx_word' id='word_1_94' title='bbox 1021 1533 1093 1574; x_wconf 92' lang='lat' dir='ltr'>cum</span> 
     </span>
     <span class='ocr_line' id='line_1_15' title="bbox 85 1597 1143 1683; baseline 0.003 -21"><span class='ocrx_word' id='word_1_95' title='bbox 85 1598 242 1664; x_wconf 89' lang='lat' dir='ltr'>Philotan</span> <span class='ocrx_word' id='word_1_96' title='bbox 274 1599 419 1682; x_wconf 87' lang='lat' dir='ltr'>torqueri</span> <span class='ocrx_word' id='word_1_97' title='bbox 451 1599 661 1682; x_wconf 87' lang='lat' dir='ltr'>conperisset,</span> <span class='ocrx_word' id='word_1_98' title='bbox 692 1597 891 1683; x_wconf 88' lang='lat' dir='ltr'>profugerat.</span> <span class='ocrx_word' id='word_1_99' title='bbox 944 1598 1094 1664; x_wconf 89' lang='lat' dir='ltr'>Omnium</span> <span class='ocrx_word' id='word_1_100' title='bbox 1114 1615 1143 1665; x_wconf 87' lang='lat'>11</span> 
     </span>
     <span class='ocr_line' id='line_1_16' title="bbox 85 1686 1095 1772; baseline -0.001 -20"><span class='ocrx_word' id='word_1_101' title='bbox 85 1687 236 1752; x_wconf 88' lang='lat' dir='ltr'>Philotae</span> <span class='ocrx_word' id='word_1_102' title='bbox 260 1686 436 1752; x_wconf 88' lang='lat' dir='ltr'>amicorum</span> <span class='ocrx_word' id='word_1_103' title='bbox 458 1687 493 1750; x_wconf 92' lang='lat' dir='ltr'>hi</span> <span class='ocrx_word' id='word_1_104' title='bbox 516 1687 676 1751; x_wconf 86' lang='lat' dir='ltr'>carissimi</span> <span class='ocrx_word' id='word_1_105' title='bbox 698 1686 837 1768; x_wconf 90' lang='lat' dir='ltr'>fuerant,</span> <span class='ocrx_word' id='word_1_106' title='bbox 860 1687 900 1751; x_wconf 88' lang='lat' dir='ltr'>ad</span> <span class='ocrx_word' id='word_1_107' title='bbox 923 1707 1043 1772; x_wconf 87' lang='lat' dir='ltr'>magna</span> <span class='ocrx_word' id='word_1_108' title='bbox 1061 1691 1095 1751; x_wconf 89' lang='lat' dir='ltr'>et</span> 
     </span>
     <span class='ocr_line' id='line_1_17' title="bbox 85 1775 1095 1860; baseline -0.001 -20"><span class='ocrx_word' id='word_1_109' title='bbox 85 1775 248 1841; x_wconf 90' lang='lat' dir='ltr'>honorata</span> <span class='ocrx_word' id='word_1_110' title='bbox 277 1775 456 1840; x_wconf 87' lang='lat' dir='ltr'>ministeria</span> <span class='ocrx_word' id='word_1_111' title='bbox 482 1775 570 1840; x_wconf 88' lang='lat' dir='ltr'>illius</span> <span class='ocrx_word' id='word_1_112' title='bbox 598 1775 736 1839; x_wconf 83' lang='lat' dir='ltr'>maxime</span> <span class='ocrx_word' id='word_1_113' title='bbox 764 1775 994 1860; x_wconf 83' lang='lat' dir='ltr'>suffragatione</span> <span class='ocrx_word' id='word_1_114' title='bbox 1020 1796 1095 1859; x_wconf 91' lang='lat' dir='ltr'>pro·</span> 
     </span>
     <span class='ocr_line' id='line_1_18' title="bbox 86 1863 1095 1946; baseline -0.002 -18"><span class='ocrx_word' id='word_1_115' title='bbox 86 1864 189 1929; x_wconf 90' lang='lat' dir='ltr'>ducti:</span> <span class='ocrx_word' id='word_1_116' title='bbox 222 1863 475 1946; x_wconf 84' lang='lat' dir='ltr'>memineratque</span> <span class='ocrx_word' id='word_1_117' title='bbox 502 1884 572 1945; x_wconf 84' lang='lat' dir='ltr'>rex,</span> <span class='ocrx_word' id='word_1_118' title='bbox 604 1884 729 1927; x_wconf 89' lang='lat' dir='ltr'>summo</span> <span class='ocrx_word' id='word_1_119' title='bbox 757 1863 863 1927; x_wconf 87' lang='lat' dir='ltr'>studio</span> <span class='ocrx_word' id='word_1_120' title='bbox 891 1864 932 1929; x_wconf 93' lang='lat' dir='ltr'>ab</span> <span class='ocrx_word' id='word_1_121' title='bbox 961 1884 998 1928; x_wconf 92' lang='lat' dir='ltr'>eo</span> <span class='ocrx_word' id='word_1_122' title='bbox 1021 1884 1095 1928; x_wconf 88' lang='lat' dir='ltr'>con-</span> 
     </span>
     <span class='ocr_line' id='line_1_19' title="bbox 86 1949 1095 2036; baseline -0.001 -20"><span class='ocrx_word' id='word_1_123' title='bbox 86 1953 216 2017; x_wconf 85' lang='lat' dir='ltr'>ciliatos</span> <span class='ocrx_word' id='word_1_124' title='bbox 236 1951 308 2016; x_wconf 89' lang='lat' dir='ltr'>sibi.</span> <span class='ocrx_word' id='word_1_125' title='bbox 343 1949 412 2016; x_wconf 89' lang='lat' dir='ltr'>Nec</span> <span class='ocrx_word' id='word_1_126' title='bbox 428 1950 598 2016; x_wconf 88' lang='lat' dir='ltr'>dubitabat</span> <span class='ocrx_word' id='word_1_127' title='bbox 612 1951 721 2035; x_wconf 86' lang='lat' dir='ltr'>igitur,</span> <span class='ocrx_word' id='word_1_128' title='bbox 738 1950 833 2015; x_wconf 92' lang='lat' dir='ltr'>huius</span> <span class='ocrx_word' id='word_1_129' title='bbox 848 1973 974 2036; x_wconf 93' lang='lat' dir='ltr'>quoque</span> <span class='ocrx_word' id='word_1_130' title='bbox 987 1952 1095 2017; x_wconf 90' lang='lat' dir='ltr'>ultimi</span> 
     </span>
     <span class='ocr_line' id='line_1_20' title="bbox 85 2038 1145 2123; baseline 0.001 -19"><span class='ocrx_word' id='word_1_131' title='bbox 85 2041 216 2105; x_wconf 91' lang='lat' dir='ltr'>consilii</span> <span class='ocrx_word' id='word_1_132' title='bbox 229 2040 329 2104; x_wconf 87' lang='lat' dir='ltr'>fuisse</span> <span class='ocrx_word' id='word_1_133' title='bbox 343 2039 531 2123; x_wconf 86' lang='lat' dir='ltr'>participes:</span> <span class='ocrx_word' id='word_1_134' title='bbox 548 2039 624 2104; x_wconf 91' lang='lat' dir='ltr'>olim</span> <span class='ocrx_word' id='word_1_135' title='bbox 638 2038 701 2103; x_wconf 87' lang='lat' dir='ltr'>sibi</span> <span class='ocrx_word' id='word_1_136' title='bbox 716 2060 786 2103; x_wconf 88' lang='lat' dir='ltr'>esse</span> <span class='ocrx_word' id='word_1_137' title='bbox 800 2042 967 2123; x_wconf 89' lang='lat' dir='ltr'>suspectos</span> <span class='ocrx_word' id='word_1_138' title='bbox 980 2041 1094 2104; x_wconf 89' lang='lat' dir='ltr'>matris</span> <span class='ocrx_word' id='word_1_139' title='bbox 1115 2056 1145 2105; x_wconf 77' lang='lat'>12</span> 
     </span>
     <span class='ocr_line' id='line_1_21' title="bbox 86 2127 1095 2211; baseline 0 -18"><span class='ocrx_word' id='word_1_140' title='bbox 86 2150 163 2194; x_wconf 91' lang='lat' dir='ltr'>suae</span> <span class='ocrx_word' id='word_1_141' title='bbox 186 2128 322 2206; x_wconf 89' lang='lat' dir='ltr'>litteris,</span> <span class='ocrx_word' id='word_1_142' title='bbox 345 2128 461 2211; x_wconf 91' lang='lat' dir='ltr'>quibus</span> <span class='ocrx_word' id='word_1_143' title='bbox 483 2129 571 2192; x_wconf 87' lang='lat' dir='ltr'>esset</span> <span class='ocrx_word' id='word_1_144' title='bbox 593 2127 791 2211; x_wconf 88' lang='lat' dir='ltr'>admonitus,</span> <span class='ocrx_word' id='word_1_145' title='bbox 812 2131 850 2192; x_wconf 92' lang='lat' dir='ltr'>ut</span> <span class='ocrx_word' id='word_1_146' title='bbox 873 2128 913 2193; x_wconf 89' lang='lat' dir='ltr'>ab</span> <span class='ocrx_word' id='word_1_147' title='bbox 937 2129 989 2195; x_wconf 86' lang='lat' dir='ltr'>his</span> <span class='ocrx_word' id='word_1_148' title='bbox 1012 2130 1095 2194; x_wconf 88' lang='lat' dir='ltr'>salu·</span> 
     </span>
     <span class='ocr_line' id='line_1_22' title="bbox 86 2215 1094 2282; baseline 0 0"><span class='ocrx_word' id='word_1_149' title='bbox 86 2221 155 2282; x_wconf 92' lang='lat' dir='ltr'>tem</span> <span class='ocrx_word' id='word_1_150' title='bbox 177 2238 270 2282; x_wconf 86' lang='lat' dir='ltr'>suam</span> <span class='ocrx_word' id='word_1_151' title='bbox 292 2219 449 2280; x_wconf 89' lang='lat' dir='ltr'>tueretur:</span> <span class='ocrx_word' id='word_1_152' title='bbox 473 2219 612 2280; x_wconf 89' lang='lat' dir='ltr'>ceterum</span> <span class='ocrx_word' id='word_1_153' title='bbox 635 2236 670 2280; x_wconf 87' lang='lat' dir='ltr'>se</span> <span class='ocrx_word' id='word_1_154' title='bbox 690 2215 829 2280; x_wconf 87' lang='lat' dir='ltr'>invitum</span> <span class='ocrx_word' id='word_1_155' title='bbox 852 2216 1013 2282; x_wconf 85' lang='lat' dir='ltr'>deteriora</span> <span class='ocrx_word' id='word_1_156' title='bbox 1030 2239 1094 2282; x_wconf 89' lang='lat' dir='ltr'>cre-</span> 
     </span>
     <span class='ocr_line' id='line_1_23' title="bbox 86 2303 1094 2371; baseline 0 -2"><span class='ocrx_word' id='word_1_157' title='bbox 86 2306 217 2370; x_wconf 89' lang='lat' dir='ltr'>dentem</span> <span class='ocrx_word' id='word_1_158' title='bbox 235 2326 319 2369; x_wconf 88' lang='lat' dir='ltr'>nunc</span> <span class='ocrx_word' id='word_1_159' title='bbox 337 2303 518 2368; x_wconf 89' lang='lat' dir='ltr'>manifestis</span> <span class='ocrx_word' id='word_1_160' title='bbox 540 2303 666 2368; x_wconf 91' lang='lat' dir='ltr'>indiciis</span> <span class='ocrx_word' id='word_1_161' title='bbox 684 2303 805 2369; x_wconf 88' lang='lat' dir='ltr'>victum</span> <span class='ocrx_word' id='word_1_162' title='bbox 822 2305 953 2370; x_wconf 86' lang='lat' dir='ltr'>iussisse</span> <span class='ocrx_word' id='word_1_163' title='bbox 971 2306 1094 2371; x_wconf 83' lang='lat' dir='ltr'>vinciri.</span> 
     </span>
     <span class='ocr_line' id='line_1_24' title="bbox 61 2391 1147 2478; baseline 0.001 -19"><span class='ocrx_word' id='word_1_164' title='bbox 61 2393 174 2478; x_wconf 81' lang='lat' dir='ltr'>¹Nam</span> <span class='ocrx_word' id='word_1_165' title='bbox 201 2392 320 2477; x_wconf 87' lang='lat' dir='ltr'>pridie,</span> <span class='ocrx_word' id='word_1_166' title='bbox 348 2414 445 2477; x_wconf 88' lang='lat' dir='ltr'>quam</span> <span class='ocrx_word' id='word_1_167' title='bbox 472 2392 676 2478; x_wconf 87' lang='lat' dir='ltr'>detegeretur</span> <span class='ocrx_word' id='word_1_168' title='bbox 698 2391 846 2457; x_wconf 91' lang='lat' dir='ltr'>Philotae</span> <span class='ocrx_word' id='word_1_169' title='bbox 874 2395 990 2477; x_wconf 89' lang='lat' dir='ltr'>scelus,</span> <span class='ocrx_word' id='word_1_170' title='bbox 1018 2395 1095 2476; x_wconf 89' lang='lat' dir='ltr'>quin</span> <span class='ocrx_word' id='word_1_171' title='bbox 1115 2412 1147 2460; x_wconf 82' lang='lat'>13</span> 
     </span>
     <span class='ocr_line' id='line_1_25' title="bbox 86 2479 1094 2564; baseline -0.003 -17"><span class='ocrx_word' id='word_1_172' title='bbox 86 2483 123 2547; x_wconf 94' lang='lat' dir='ltr'>in</span> <span class='ocrx_word' id='word_1_173' title='bbox 145 2485 270 2546; x_wconf 88' lang='lat' dir='ltr'>secreto</span> <span class='ocrx_word' id='word_1_174' title='bbox 293 2503 365 2546; x_wconf 91' lang='lat' dir='ltr'>cum</span> <span class='ocrx_word' id='word_1_175' title='bbox 390 2502 428 2546; x_wconf 94' lang='lat' dir='ltr'>eo</span> <span class='ocrx_word' id='word_1_176' title='bbox 450 2480 601 2564; x_wconf 85' lang='lat' dir='ltr'>fuissent,</span> <span class='ocrx_word' id='word_1_177' title='bbox 623 2502 689 2546; x_wconf 93' lang='lat' dir='ltr'>non</span> <span class='ocrx_word' id='word_1_178' title='bbox 710 2502 806 2564; x_wconf 91' lang='lat' dir='ltr'>posse</span> <span class='ocrx_word' id='word_1_179' title='bbox 830 2480 979 2545; x_wconf 89' lang='lat' dir='ltr'>dubitari.</span> <span class='ocrx_word' id='word_1_180' title='bbox 1018 2479 1094 2544; x_wconf 88' lang='lat' dir='ltr'>Fra-</span> 
     </span>
     <span class='ocr_line' id='line_1_26' title="bbox 86 2567 1095 2654; baseline -0.004 -19"><span class='ocrx_word' id='word_1_181' title='bbox 86 2574 172 2635; x_wconf 89' lang='lat' dir='ltr'>trem</span> <span class='ocrx_word' id='word_1_182' title='bbox 189 2591 277 2654; x_wconf 79' lang='lat' dir='ltr'>vero,</span> <span class='ocrx_word' id='word_1_183' title='bbox 295 2569 351 2653; x_wconf 90' lang='lat' dir='ltr'>qui</span> <span class='ocrx_word' id='word_1_184' title='bbox 367 2568 557 2653; x_wconf 85' lang='lat' dir='ltr'>profugerit,</span> <span class='ocrx_word' id='word_1_185' title='bbox 579 2589 652 2632; x_wconf 88' lang='lat' dir='ltr'>cum</span> <span class='ocrx_word' id='word_1_186' title='bbox 675 2568 713 2632; x_wconf 87' lang='lat' dir='ltr'>de</span> <span class='ocrx_word' id='word_1_187' title='bbox 731 2567 862 2632; x_wconf 90' lang='lat' dir='ltr'>Philota</span> <span class='ocrx_word' id='word_1_188' title='bbox 880 2570 1095 2652; x_wconf 89' lang='lat' dir='ltr'>quaereretur,</span> 
     </span>
     <span class='ocr_line' id='line_1_27' title="bbox 87 2655 1147 2742; baseline -0.001 -19"><span class='ocrx_word' id='word_1_189' title='bbox 87 2660 253 2742; x_wconf 87' lang='lat' dir='ltr'>aperuisse</span> <span class='ocrx_word' id='word_1_190' title='bbox 271 2657 367 2742; x_wconf 87' lang='lat' dir='ltr'>fugae</span> <span class='ocrx_word' id='word_1_191' title='bbox 386 2678 524 2722; x_wconf 88' lang='lat' dir='ltr'>causam.</span> <span class='ocrx_word' id='word_1_192' title='bbox 555 2656 668 2741; x_wconf 86' lang='lat' dir='ltr'>Nuper</span> <span class='ocrx_word' id='word_1_193' title='bbox 685 2660 813 2740; x_wconf 89' lang='lat' dir='ltr'>praeter</span> <span class='ocrx_word' id='word_1_194' title='bbox 831 2655 1094 2720; x_wconf 88' lang='lat' dir='ltr'>consuetudinem</span> <span class='ocrx_word' id='word_1_195' title='bbox 1114 2673 1147 2722; x_wconf 81' lang='lat'>14</span> 
     </span>
     <span class='ocr_line' id='line_1_28' title="bbox 87 2743 1095 2830; baseline -0.004 -18"><span class='ocrx_word' id='word_1_196' title='bbox 87 2747 188 2812; x_wconf 87' lang='lat' dir='ltr'>officii</span> <span class='ocrx_word' id='word_1_197' title='bbox 220 2747 325 2828; x_wconf 90' lang='lat' dir='ltr'>specie</span> <span class='ocrx_word' id='word_1_198' title='bbox 357 2746 474 2810; x_wconf 87' lang='lat' dir='ltr'>amotis</span> <span class='ocrx_word' id='word_1_199' title='bbox 497 2745 625 2830; x_wconf 87' lang='lat' dir='ltr'>longius</span> <span class='ocrx_word' id='word_1_200' title='bbox 644 2746 759 2810; x_wconf 89' lang='lat' dir='ltr'>ceteris</span> <span class='ocrx_word' id='word_1_201' title='bbox 778 2743 957 2808; x_wconf 81' lang='lat' dir='ltr'>admovisse</span> <span class='ocrx_word' id='word_1_202' title='bbox 981 2749 1095 2809; x_wconf 79' lang='lat' dir='ltr'>semet</span> 
     </span>
     <span class='ocr_line' id='line_1_29' title="bbox 86 2833 1094 2920; baseline -0.002 -20"><span class='ocrx_word' id='word_1_203' title='bbox 86 2837 178 2920; x_wconf 89' lang='lat' dir='ltr'>ipsos</span> <span class='ocrx_word' id='word_1_204' title='bbox 197 2834 291 2900; x_wconf 87' lang='lat' dir='ltr'>lateri</span> <span class='ocrx_word' id='word_1_205' title='bbox 310 2855 368 2898; x_wconf 90' lang='lat' dir='ltr'>suo</span> <span class='ocrx_word' id='word_1_206' title='bbox 388 2834 478 2899; x_wconf 91' lang='lat' dir='ltr'>nulla</span> <span class='ocrx_word' id='word_1_207' title='bbox 490 2833 654 2918; x_wconf 87' lang='lat' dir='ltr'>probabili</span> <span class='ocrx_word' id='word_1_208' title='bbox 670 2853 779 2896; x_wconf 88' lang='lat' dir='ltr'>causa:</span> <span class='ocrx_word' id='word_1_209' title='bbox 798 2854 895 2916; x_wconf 89' lang='lat' dir='ltr'>seque</span> <span class='ocrx_word' id='word_1_210' title='bbox 912 2834 1094 2918; x_wconf 89' lang='lat' dir='ltr'>mirantem,</span> 
     </span>
     <span class='ocr_line' id='line_1_30' title="bbox 88 2921 1094 3008; baseline -0.002 -20"><span class='ocrx_word' id='word_1_211' title='bbox 88 2923 174 3008; x_wconf 92' lang='lat' dir='ltr'>quod</span> <span class='ocrx_word' id='word_1_212' title='bbox 205 2943 271 2986; x_wconf 92' lang='lat' dir='ltr'>non</span> <span class='ocrx_word' id='word_1_213' title='bbox 299 2923 368 2988; x_wconf 87' lang='lat' dir='ltr'>vice</span> <span class='ocrx_word' id='word_1_214' title='bbox 395 2945 454 2988; x_wconf 88' lang='lat' dir='ltr'>sua</span> <span class='ocrx_word' id='word_1_215' title='bbox 485 2923 545 2986; x_wconf 91' lang='lat' dir='ltr'>tali</span> <span class='ocrx_word' id='word_1_216' title='bbox 571 2922 782 3004; x_wconf 87' lang='lat' dir='ltr'>fungerentur</span> <span class='ocrx_word' id='word_1_217' title='bbox 810 2921 931 3005; x_wconf 88' lang='lat' dir='ltr'>officio,</span> <span class='ocrx_word' id='word_1_218' title='bbox 962 2925 996 2986; x_wconf 87' lang='lat' dir='ltr'>et</span> <span class='ocrx_word' id='word_1_219' title='bbox 1021 2922 1094 3005; x_wconf 89' lang='lat' dir='ltr'>ipsa</span> 
     </span>
     <span class='ocr_line' id='line_1_31' title="bbox 86 3009 1095 3096; baseline -0.001 -20"><span class='ocrx_word' id='word_1_220' title='bbox 86 3010 303 3096; x_wconf 83' lang='lat' dir='ltr'>trepidatione</span> <span class='ocrx_word' id='word_1_221' title='bbox 330 3033 440 3076; x_wconf 91' lang='lat' dir='ltr'>eorum</span> <span class='ocrx_word' id='word_1_222' title='bbox 462 3011 669 3094; x_wconf 89' lang='lat' dir='ltr'>perterritum</span> <span class='ocrx_word' id='word_1_223' title='bbox 693 3013 821 3074; x_wconf 90' lang='lat' dir='ltr'>strenue</span> <span class='ocrx_word' id='word_1_224' title='bbox 845 3009 885 3072; x_wconf 89' lang='lat' dir='ltr'>ad</span> <span class='ocrx_word' id='word_1_225' title='bbox 908 3011 1095 3096; x_wconf 87' lang='lat' dir='ltr'>armigeros,</span> 
     </span>
     <span class='ocr_line' id='line_1_32' title="bbox 88 3096 1147 3186; baseline 0.001 -21"><span class='ocrx_word' id='word_1_226' title='bbox 88 3101 143 3186; x_wconf 92' lang='lat' dir='ltr'>qui</span> <span class='ocrx_word' id='word_1_227' title='bbox 160 3099 308 3182; x_wconf 85' lang='lat' dir='ltr'>proxime</span> <span class='ocrx_word' id='word_1_228' title='bbox 323 3099 548 3183; x_wconf 87' lang='lat' dir='ltr'>sequebantur,</span> <span class='ocrx_word' id='word_1_229' title='bbox 566 3097 745 3162; x_wconf 87' lang='lat' dir='ltr'>recessisse.</span> <span class='ocrx_word' id='word_1_230' title='bbox 766 3096 827 3162; x_wconf 88' lang='lat' dir='ltr'>Ad</span> <span class='ocrx_word' id='word_1_231' title='bbox 841 3097 920 3162; x_wconf 88' lang='lat' dir='ltr'>haec</span> <span class='ocrx_word' id='word_1_232' title='bbox 934 3098 1094 3182; x_wconf 89' lang='lat' dir='ltr'>accedere,</span> <span class='ocrx_word' id='word_1_233' title='bbox 1114 3117 1147 3166; x_wconf 80' lang='lat'>15</span> 
     </span>
     <span class='ocr_line' id='line_1_33' title="bbox 88 3185 1095 3273; baseline -0.002 -20"><span class='ocrx_word' id='word_1_234' title='bbox 88 3188 189 3273; x_wconf 93' lang='lat' dir='ltr'>quod,</span> <span class='ocrx_word' id='word_1_235' title='bbox 212 3209 284 3252; x_wconf 90' lang='lat' dir='ltr'>cum</span> <span class='ocrx_word' id='word_1_236' title='bbox 307 3187 525 3270; x_wconf 86' lang='lat' dir='ltr'>Antiphanes,</span> <span class='ocrx_word' id='word_1_237' title='bbox 548 3186 655 3251; x_wconf 90' lang='lat' dir='ltr'>scriba</span> <span class='ocrx_word' id='word_1_238' title='bbox 678 3185 836 3270; x_wconf 91' lang='lat' dir='ltr'>equitum,</span> <span class='ocrx_word' id='word_1_239' title='bbox 858 3187 1020 3270; x_wconf 87' lang='lat' dir='ltr'>Amyntae</span> <span class='ocrx_word' id='word_1_240' title='bbox 1044 3187 1095 3251; x_wconf 90' lang='lat' dir='ltr'>de·</span> 
     </span>
     <span class='ocr_line' id='line_1_34' title="bbox 87 3274 1094 3359; baseline 0 -19"><span class='ocrx_word' id='word_1_241' title='bbox 87 3277 286 3359; x_wconf 89' lang='lat' dir='ltr'>nuntiasset,</span> <span class='ocrx_word' id='word_1_242' title='bbox 313 3275 417 3359; x_wconf 92' lang='lat' dir='ltr'>pridie</span> <span class='ocrx_word' id='word_1_243' title='bbox 445 3297 540 3359; x_wconf 92' lang='lat' dir='ltr'>quam</span> <span class='ocrx_word' id='word_1_244' title='bbox 563 3274 712 3338; x_wconf 87' lang='lat' dir='ltr'>Philotae</span> <span class='ocrx_word' id='word_1_245' title='bbox 735 3274 839 3339; x_wconf 77' lang='lat' dir='ltr'>scelus</span> <span class='ocrx_word' id='word_1_246' title='bbox 862 3275 1094 3358; x_wconf 89' lang='lat' dir='ltr'>deprehensum</span> 
     </span>
     <span class='ocr_line' id='line_1_35' title="bbox 88 3362 1094 3448; baseline -0.003 -18"><span class='ocrx_word' id='word_1_247' title='bbox 88 3368 188 3448; x_wconf 87' lang='lat' dir='ltr'>esset,</span> <span class='ocrx_word' id='word_1_248' title='bbox 219 3367 257 3429; x_wconf 90' lang='lat' dir='ltr'>ut</span> <span class='ocrx_word' id='word_1_249' title='bbox 289 3385 328 3428; x_wconf 88' lang='lat' dir='ltr'>ex</span> <span class='ocrx_word' id='word_1_250' title='bbox 359 3365 425 3428; x_wconf 91' lang='lat' dir='ltr'>suis</span> <span class='ocrx_word' id='word_1_251' title='bbox 457 3363 547 3447; x_wconf 89' lang='lat' dir='ltr'>equis</span> <span class='ocrx_word' id='word_1_252' title='bbox 579 3384 669 3426; x_wconf 92' lang='lat' dir='ltr'>more</span> <span class='ocrx_word' id='word_1_253' title='bbox 697 3362 794 3427; x_wconf 86' lang='lat' dir='ltr'>solito</span> <span class='ocrx_word' id='word_1_254' title='bbox 823 3362 914 3427; x_wconf 89' lang='lat' dir='ltr'>daret</span> <span class='ocrx_word' id='word_1_255' title='bbox 940 3362 1008 3446; x_wconf 89' lang='lat' dir='ltr'>hia,</span> <span class='ocrx_word' id='word_1_256' title='bbox 1040 3364 1094 3447; x_wconf 93' lang='lat' dir='ltr'>qui</span> 
     </span>
     <span class='ocr_line' id='line_1_36' title="bbox 89 3451 1094 3536; baseline -0.005 -17"><span class='ocrx_word' id='word_1_257' title='bbox 89 3454 274 3519; x_wconf 88' lang='lat' dir='ltr'>amisissent</span> <span class='ocrx_word' id='word_1_258' title='bbox 300 3473 415 3536; x_wconf 90' lang='lat' dir='ltr'>equos,</span> <span class='ocrx_word' id='word_1_259' title='bbox 449 3451 585 3534; x_wconf 89' lang='lat' dir='ltr'>superbe</span> <span class='ocrx_word' id='word_1_260' title='bbox 616 3451 848 3534; x_wconf 88' lang='lat' dir='ltr'>respondisset,</span> <span class='ocrx_word' id='word_1_261' title='bbox 876 3452 939 3515; x_wconf 91' lang='lat' dir='ltr'>nisi</span> <span class='ocrx_word' id='word_1_262' title='bbox 965 3451 1094 3536; x_wconf 90' lang='lat' dir='ltr'>incepto</span> 
     </span>
     <span class='ocr_line' id='line_1_37' title="bbox 88 3538 1146 3624; baseline -0.002 -16"><span class='ocrx_word' id='word_1_263' title='bbox 88 3542 270 3620; x_wconf 88' lang='lat' dir='ltr'>desisteret,</span> <span class='ocrx_word' id='word_1_264' title='bbox 288 3541 379 3605; x_wconf 86' lang='lat' dir='ltr'>brevi</span> <span class='ocrx_word' id='word_1_265' title='bbox 397 3540 562 3622; x_wconf 89' lang='lat' dir='ltr'>sciturum,</span> <span class='ocrx_word' id='word_1_266' title='bbox 581 3538 652 3624; x_wconf 89' lang='lat' dir='ltr'>quis</span> <span class='ocrx_word' id='word_1_267' title='bbox 666 3540 737 3623; x_wconf 90' lang='lat' dir='ltr'>ipse</span> <span class='ocrx_word' id='word_1_268' title='bbox 751 3542 844 3604; x_wconf 88' lang='lat' dir='ltr'>esset.</span> <span class='ocrx_word' id='word_1_269' title='bbox 879 3538 951 3603; x_wconf 89' lang='lat' dir='ltr'>Iam</span> <span class='ocrx_word' id='word_1_270' title='bbox 964 3540 1093 3624; x_wconf 85' lang='lat' dir='ltr'>linguae</span> <span class='ocrx_word' id='word_1_271' title='bbox 1115 3557 1146 3606; x_wconf 79' lang='lat' dir='ltr'>lc</span> 
     </span>
     <span class='ocr_line' id='line_1_38' title="bbox 87 3629 1095 3713; baseline -0.007 -17"><span class='ocrx_word' id='word_1_272' title='bbox 87 3629 277 3696; x_wconf 83' lang='lat' dir='ltr'>violentiam</span> <span class='ocrx_word' id='word_1_273' title='bbox 304 3629 585 3713; x_wconf 88' lang='lat' dir='ltr'>temeritatemque</span> <span class='ocrx_word' id='word_1_274' title='bbox 608 3629 792 3712; x_wconf 88' lang='lat' dir='ltr'>verborum,</span> <span class='ocrx_word' id='word_1_275' title='bbox 820 3629 959 3712; x_wconf 90' lang='lat' dir='ltr'>quaein</span> <span class='ocrx_word' id='word_1_276' title='bbox 982 3630 1095 3692; x_wconf 88' lang='lat' dir='ltr'>semet·</span> 
     </span>
    </p>
   </div>
   <div class='ocr_carea' id='block_1_3' title="bbox 0 0 1307 4096">
    <p class='ocr_par' dir='ltr' id='par_1_3' title="bbox 0 0 1307 4096">
     <span class='ocr_line' id='line_1_39' title="bbox 0 0 1307 4096; baseline 0 0"><span class='ocrx_word' id='word_1_277' title='bbox 0 0 1307 4096; x_wconf 95' lang='lat' dir='ltr'> </span> 
     </span>
    </p>
   </div>
  </div>
 </body>
</html>
