2582 4098
304 215 556 273 HISTORIARUM
574 217 787 274 ALEXANDRI
804 218 851 289 VI,
869 225 895 277 4.
1038 221 1100 285 123

92 360 267 444 peregrino
281 360 381 425 militi
393 361 519 426 tradere
534 360 687 426 damnata
700 363 905 448 popularium
919 363 990 448 lide,
1004 387 1100 448 quam

91 468 151 533 per
170 449 324 514 ducentos
348 451 382 513 et
399 449 537 534 triginta
554 472 654 514 annos
673 451 863 516 inviolatam
880 452 1012 537 regibus
1034 453 1100 518 suis

91 536 341 620 praestitissent.
378 534 420 601 Se
439 539 473 601 in
490 539 658 622 praecipiti
676 543 709 602 et
726 539 850 604 lubrico
869 542 1007 605 stantem
1025 562 1100 606 con·
1120 552 1153 602 ιο

93 625 205 690 silium
227 645 248 689 a
269 626 432 708 praesenti
450 627 643 691 necessitate
661 627 826 711 repetisse.
861 626 1005 694 Dareum
1023 649 1100 712 quo-

92 733 169 797 que,
199 733 272 777 cum
304 713 475 778 occidisset
500 713 650 798 Bagoon,
681 714 742 780 hac
774 716 977 781 excusatione
1005 718 1100 781 satis-

18 839 21 846 ·
90 799 208 864 fecisse
245 802 471 885 popularibus,
511 802 596 885 quod
632 803 840 868 insidiantem
875 805 1100 871 interemisset

90 886 185 953 Nihil
218 909 289 954 esse
320 890 447 954 miseris
476 890 668 955 mortalibus
696 892 813 974 spiritu
841 893 960 957 carius:
993 915 1100 958 amore
1120 905 1150 953 11

91 976 233 1041 eiusad
259 976 378 1041 ultima
404 998 474 1042 esse
500 978 699 1063 propulsum.
745 977 807 1044 Sed
835 1002 873 1044 ea
901 982 1006 1066 magis
1031 1002 1101 1046 esse

90 1066 251 1147 secutum,
278 1085 356 1147 quoe
382 1083 457 1148 epus
481 1066 603 1150 faceat,
628 1085 723 1148 quam
751 1088 831 1150 quae
859 1071 1013 1151 optasset.
1061 1067 1101 1133 In
1121 1081 1153 1130 la

90 1153 255 1216 communi
273 1153 458 1218 calamitate
482 1175 574 1219 suam
604 1175 760 1238 quemque
786 1155 905 1220 habere
927 1157 1102 1223 fortunam.

94 1239 133 1305 Si
155 1240 264 1306 venire
287 1262 321 1306 se
344 1241 482 1323 iuberet,
506 1242 574 1306 sine
597 1247 686 1307 metu
709 1263 779 1307 esse
802 1248 981 1309 venturum.
1026 1244 1101 1311 Non

91 1329 222 1411 timere,
248 1349 290 1393 ne
317 1328 414 1394 fidem
442 1329 549 1395 datam
578 1334 689 1396 tantus
716 1351 773 1395 rex
800 1331 950 1396 violaret:
979 1331 1056 1398 deos
1080 1357 1100 1398 a

90 1417 153 1482 deo
179 1416 252 1482 falli
278 1438 345 1482 non
375 1418 487 1482 solere.
540 1415 690 1483 Ceterum
720 1419 762 1503 si,
793 1419 844 1484 cui
874 1419 969 1484 fidem
998 1420 1099 1499 daret,
1120 1425 1152 1474 13

90 1503 254 1569 videretur
267 1504 428 1590 indignus,
443 1507 546 1570 multa
559 1507 656 1571 exilia
669 1511 779 1589 patere
793 1507 943 1592 fugienti:
960 1509 1100 1591 patriam

92 1614 178 1673 esre,
205 1593 398 1678 ubicumque
426 1595 476 1658 vir
504 1595 600 1659 fortis
627 1597 735 1659 sedem
758 1596 821 1659 sibi
843 1596 986 1679 elegerit
1030 1595 1100 1661 Nec
1121 1601 1153 1649 14

93 1681 259 1746 dubitavit
281 1681 463 1746 Alexander
485 1682 594 1766 fidem,
622 1704 685 1767 quo
708 1683 824 1748 Persae
847 1684 942 1747 modo
965 1683 1100 1766 accipie·

94 1770 185 1850 bant,
212 1769 298 1851 dare,
319 1769 523 1852 inviolatum,
547 1771 576 1834 si
598 1772 752 1853 venisset,
775 1771 852 1836 lore.

34 1861 82 1927 12
186 1855 350 1933 Quadrato
373 1860 443 1921 tum
462 1859 590 1941 agmine
609 1863 643 1922 et
660 1861 838 1942 composito
857 1859 936 1943 ibat,
959 1860 1101 1942 specula·

93 1953 183 2010 tores
204 1946 338 2010 subinde
358 1947 579 2030 praemittens,
599 1947 654 2030 qui
673 1948 877 2029 explorarent
894 1948 975 2013 loca.
1005 1947 1099 2013 Levis
1120 1959 1153 2008 15

93 2048 258 2098 armatura
289 2033 426 2098 ducebat
458 2054 588 2117 agmen,
618 2035 761 2118 phalanx
793 2056 864 2099 eam
897 2035 1100 2119 sequebatur,

91 2127 168 2204 post
186 2121 311 2204 pedites
335 2126 427 2185 erant
448 2122 675 2205 inpedimenta.
719 2122 765 2186 st
788 2141 866 2206 gens
889 2123 1045 2188 bellicosa
1067 2129 1100 2190 et

90 2213 228 2274 naturae
257 2209 321 2274 situ
348 2209 490 2274 difficilis
518 2211 609 2275 aditu
635 2212 716 2293 reple
744 2232 855 2275 curam
881 2212 966 2297 regis
995 2213 1099 2277 inten-

91 2299 194 2362 derat.
243 2295 392 2380 Namque
418 2301 574 2381 perpetua
600 2299 694 2364 vallis
717 2299 801 2364 iacet
822 2321 923 2384 usque
946 2300 987 2364 ad
1009 2322 1097 2364 mare
1118 2313 1151 2361 16

90 2383 248 2468 Caspium
278 2390 407 2468 patens,
437 2406 496 2467 quo
528 2386 589 2450 duo
621 2392 728 2451 terrae
755 2389 824 2452 eius
851 2388 941 2452 velut
966 2388 1100 2452 brachia

91 2475 278 2538 excurrunt:
312 2472 419 2537 media
448 2474 533 2538 flexu
560 2475 684 2540 modico
718 2476 823 2540 sinum
854 2474 979 2539 faciunt
1004 2476 1099 2539 lunae

90 2562 232 2626 maxime
256 2561 403 2644 similem,
427 2582 499 2626 oum
522 2563 664 2627 eminent
686 2583 805 2627 cornua
827 2561 970 2626 nondum
993 2566 1100 2627 totum

90 2649 205 2714 orbem
220 2649 323 2714 sidere
337 2649 489 2732 inplente.
526 2646 677 2714 Cercetae
696 2655 730 2714 et
741 2649 871 2731 Mosyni
890 2653 923 2714 et
937 2647 1100 2732 Chalybes
1120 2671 1153 2721 ιι

91 2759 113 2802 a
140 2737 235 2802 laeva
262 2741 350 2820 sunt,
378 2742 410 2802 et
438 2739 479 2801 ab
504 2738 607 2802 altera
628 2741 722 2821 parte
745 2737 921 2820 Leucosyri
947 2741 981 2801 et
1001 2738 1099 2803 Ama-

90 2846 210 2890 zonum
238 2826 357 2909 campi:
385 2829 418 2890 et
444 2825 533 2908 illos,
556 2847 620 2910 qua
642 2825 748 2910 vergit
774 2825 815 2890 ad
838 2825 1100 2911 septentrionem,

90 2914 155 2978 hos
179 2912 219 2977 ad
242 2934 390 2979 occasum
414 2934 569 2978 conversa
590 2917 784 2997 prospectat
830 2911 921 2978 Mare
944 2911 1099 2997 Caspium
1120 2943 1152 2993 18

90 3001 219 3066 dulcius
246 3002 361 3066 ceteris
392 3002 536 3084 ingentis
567 3001 799 3086 magnitudinis
831 3007 995 3085 serpentes
1027 3003 1100 3068 elit:

90 3090 232 3174 piscium
253 3090 288 3154 in
311 3111 348 3156 eo
372 3090 469 3172 louge
493 3089 636 3154 diversus
661 3089 702 3154 ab
722 3089 795 3153 aliis
814 3091 902 3155 color
922 3094 981 3155 est.
1026 3089 1101 3167 Qui·

90 3178 168 3242 dam
187 3175 350 3262 Caspium,
373 3178 503 3261 quidam
521 3177 719 3260 Hyrcanium
738 3178 915 3261 appellant:
939 3178 995 3243 alii
1016 3182 1101 3263 sunt,

91 3266 150 3350 qui
162 3263 338 3331 Maeotiam
356 3265 506 3349 paludem
522 3265 558 3330 in
575 3266 608 3330 id
627 3266 740 3330 cadere
757 3271 873 3349 putent
886 3271 920 3331 et
933 3286 1101 3350 argumen-

91 3358 164 3418 tum
197 3353 346 3419 adferant
377 3375 506 3438 aquam,
538 3353 622 3438 quod
650 3352 773 3418 dulcior
801 3355 845 3419 sit
872 3375 968 3438 quam
995 3359 1101 3420 cetera

91 3442 209 3525 maria,
241 3442 347 3508 infuso
375 3441 503 3526 paludis
530 3441 665 3508 humore
692 3443 869 3508 mitescere.
918 3443 949 3506 A
976 3446 1154 3526 septen-19

90 3530 200 3596 trione
221 3529 375 3616 ingruens
399 3531 433 3594 in
454 3529 534 3594 litus
557 3551 645 3594 mare
667 3530 825 3596 incumbit
847 3531 1008 3615 longeque
1032 3532 1102 3615 agit

91 3619 209 3684 fluctus
232 3622 265 3684 et
283 3639 401 3703 magna
418 3621 511 3701 parte
531 3622 719 3683 exaestuans
743 3621 885 3700 stagnat.
926 3618 1015 3682 Idem
1035 3619 1099 3681 alio
