2552 4108
222 225 264 290 28
307 224 338 291 Q.
350 224 460 280 CURTI
468 224 555 280 RUFI
563 222 1091 292 fflsuomaauuluaxsnuarffl,
1101 232 1152 284 13.

223 371 393 434 excedente
422 369 555 433 fortuna
585 369 747 433 cumulata
770 371 847 433 tunc
874 369 937 433 alia
963 369 1118 454 stirpibus
1149 371 1231 434 lace-

221 462 305 540 rata,
327 459 392 522 alia
412 457 447 520 in
469 477 603 520 caenum
625 456 768 521 demersa
790 458 1017 523 cernebantur:
1047 478 1116 522 non
1143 459 1231 522 suffi-

170 546 350 614 iaciebant
381 543 604 628 praedantium
634 565 749 610 manus
779 545 923 628 praedae.
967 544 1099 630 Iamque
1130 545 1261 610 anama

221 635 262 699 ad
294 655 361 710 eos,
392 633 447 716 qui
476 633 573 714 primi
601 632 763 717 fugerant,
793 637 925 697 ventum
953 636 1031 698 erat.
1072 631 1232 697 Feminae

220 723 390 805 pleraeque
418 742 534 822 parvos
561 720 724 784 trahentes
749 721 867 786 liberos
893 721 998 786 ibant.
1033 721 1119 786 inter
1151 743 1232 805 quas

221 813 286 872 tres
308 808 397 872 fuere
418 808 568 893 virginee,
590 807 679 892 Ochi,
701 809 756 892 qui
777 812 852 873 autc
866 807 1006 873 Dareum
1023 812 1232 894 regnaverat

220 896 317 978 filiae,
349 896 425 960 olim
456 895 583 980 quidem
611 918 650 960 ex
675 897 806 982 fastigio
833 901 971 985 paterno
992 919 1099 961 rerum
1121 901 1231 962 muta-

220 985 308 1047 tione
335 983 509 1067 detractae,
540 985 691 1049 sedtum
718 988 837 1050 sortem
858 1007 967 1050 earum
989 985 1152 1050 crudelius
1179 985 1231 1048 ad-

170 1092 202 1140 13
222 1075 375 1155 gravante
397 1072 535 1137 fortuna.
574 1073 614 1137 In
636 1072 748 1138 eodem
770 1092 867 1158 grege
889 1095 970 1138 uxor
992 1095 1119 1157 quoque
1145 1074 1229 1137 eius-

221 1159 293 1222 dem
316 1158 397 1224 Ochi
417 1160 480 1225 fuit
501 1159 585 1226 Oxat
571 1161 775 1246 thrisque-
731 1160 888 1225 -frater
908 1162 960 1225 hic
982 1165 1052 1226 erat
1068 1159 1229 1225 Darei-

220 1247 288 1311 filia
310 1251 343 1311 et
364 1249 480 1313 coniux
493 1248 655 1332 Artabazi,
677 1249 830 1332 principis
847 1252 1102 1332 purpuratorum,
1125 1249 1229 1313 filius·

171 1354 203 1402 14
221 1357 296 1418 que,
318 1337 368 1400 cui
389 1335 511 1401 Ilioneo
533 1337 597 1401 fuit
617 1358 743 1402 nomeu.
787 1335 987 1402 Pharnabazi
1009 1358 1152 1421 quoque,
1179 1336 1229 1401 eui

221 1445 380 1489 summum
406 1425 576 1509 imperium
598 1425 776 1489 maritimae
799 1446 874 1489 orae
895 1446 952 1490 rex
974 1425 1116 1508 dederat,
1144 1445 1230 1489 uxor

220 1533 292 1576 cum
314 1513 380 1577 filio
403 1515 535 1596 excepta
557 1515 620 1593 est,
648 1511 804 1577 Mentoris
830 1512 915 1576 filiae
942 1516 1008 1578 tres
1031 1535 1068 1576 aa
1089 1513 1229 1579 nobilis-

220 1600 292 1664 simi
324 1601 413 1665 ducis
444 1599 625 1664 Memnonis
658 1601 774 1665 coniux
804 1603 837 1664 et
866 1601 967 1665 filius:
1011 1601 1127 1685 vixque
1162 1601 1229 1665 nlla

169 1707 201 1756 ιι
219 1688 332 1753 domus
358 1689 527 1772 purpurati
548 1689 612 1753 fuit
632 1691 742 1752 tantae
764 1687 863 1752 cladis
885 1707 997 1770 erepere.
1040 1689 1121 1754 Item
1144 1689 1227 1770 capti

219 1782 292 1842 suat
316 1776 559 1841 Lacedaemonii
585 1779 618 1841 et
638 1775 854 1841 Athenienses
881 1776 1043 1841 societatis
1071 1777 1137 1841 fide
1161 1778 1227 1840 vio·

219 1866 286 1929 lata
312 1863 425 1929 Persas
457 1866 570 1949 secuti,
600 1863 804 1950 Aristogiton
832 1866 865 1927 et
890 1863 1048 1947 Dropides
1077 1867 1110 1928 et
1137 1864 1226 1949 Iphi·

220 1955 335 2034 crates,
366 1953 450 2017 inter
474 1953 688 2018 Athenienses
720 1972 835 2037 genere
861 1951 1009 2037 famaque
1036 1953 1135 2037 longe
1164 1955 1225 2016 cla·

219 2039 347 2121 nissimi,
368 2039 609 2105 Lacedaemonii
620 2040 801 2122 Pausippus
824 2042 857 2102 et
869 2039 1130 2104 Onomastorides
1153 2059 1225 2105 cum

220 2125 363 2191 Monimo
404 2130 436 2190 et
471 2126 685 2210 Callicratide,
728 2126 763 2191 bi
803 2148 928 2211 quoque
968 2127 1055 2193 domi
1089 2129 1226 2192 nobiles.

170 2235 202 2284 ιι
221 2211 352 2277 Summa
382 2216 535 2297 pecuniae
567 2215 712 2298 signatae
742 2213 805 2278 fuit
835 2216 993 2279 talentum
1014 2214 1048 2280 Π
1074 2216 1167 2280 milia
1195 2218 1225 2279 et

221 2305 379 2384 sescenta,
413 2301 492 2365 facti
527 2302 653 2386 argenti
687 2303 813 2385 pondus
849 2303 1025 2388 quingenta
1056 2305 1226 2386 aequabat.

219 2388 388 2454 Praeterea
401 2407 471 2454 xxx
492 2390 581 2454 milia
602 2389 767 2454 hominum
789 2412 862 2455 aum
883 2409 932 2456 vu
948 2391 1077 2455 milibus
1099 2393 1223 2456 iumen-

170 2497 201 2545 ιι
219 2475 326 2542 torum
356 2477 449 2542 dorso
477 2499 574 2543 onera
601 2479 798 2560 portantium
825 2482 919 2563 capta
946 2482 1029 2544 sunt
1074 2476 1225 2544 Ceterum

219 2570 330 2630 tantae
352 2566 499 2631 fortunae
521 2566 716 2650 proditorem
733 2567 775 2644 di,
796 2567 857 2631 seri
879 2588 974 2648 saepe
992 2567 1121 2649 ultores,
1144 2569 1225 2632 cele·

220 2654 298 2718 riter
329 2655 436 2719 debita
466 2676 570 2738 poena
600 2653 759 2737 persecuti
789 2657 873 2718 sunt.
916 2653 1063 2739 Namque
1094 2675 1179 2720 unus
1209 2675 1224 2716 e

221 2743 357 2807 consciis
385 2744 466 2826 eius,
497 2743 603 2826 credo,
631 2742 716 2826 regis
743 2742 845 2806 vicem
872 2742 969 2806 etiam
994 2743 1030 2806 in
1055 2743 1111 2805 illa
1138 2746 1225 2807 sorte

219 2831 387 2915 reveritus,
412 2831 572 2895 interfecti
596 2830 769 2913 proditoris
796 2834 893 2912 caput
914 2830 955 2894 ad
977 2829 1117 2894 Dareum
1139 2831 1224 2910 tulit,

222 2922 436 3001 opportunum
452 2920 605 2984 solacium
617 2918 759 3018 prodito:
783 2919 899 3019 quippe
914 2922 947 2982 et
959 2919 1044 2982 ultus
1057 2918 1224 2982 inimicum

221 3011 291 3071 erat
318 3011 350 3071 et
374 3006 553 3071 nondum
543 3029 580 3071 ru
606 3006 749 3071 omnium
775 3005 890 3070 animis
916 3007 1103 3071 memoriam
1125 3008 1224 3072 maie·

221 3095 314 3159 statis
337 3116 413 3159 suae
436 3095 608 3160 exolevisse
632 3093 789 3158 cernebat

617 3356 827 3368 m
