2602 4094
226 201 291 266 270
598 204 629 269 Q·
648 204 758 259 CURTI
775 205 861 260 RUFI

222 349 313 431 fieret.
357 347 461 430 Iyitar
482 349 648 432 Biiineaes,
670 369 739 414 cum
759 369 791 414 se
813 349 849 413 ob
871 349 1057 414 sinuiltatem
1077 370 1146 414 aim
1167 351 1222 414 He

217 436 395 518 phaestione
412 438 491 519 royis
507 438 747 520 indiyaationem
761 438 948 502 conticuisse
960 440 1107 521 seruisset,
1124 440 1223 504 miultis

223 531 329 590 auctu
352 525 416 604 suit
441 545 528 606 seque
549 531 578 589 et
598 546 689 591 arina
710 546 769 590 sua
792 525 1016 608 Hephaestioni
1036 529 1223 592 consecrandi

218 615 424 696 pecuniasque
444 613 488 678 ad
506 613 758 679 cohonestandum
774 615 871 695 sunus
890 615 974 698 larye
991 617 1127 680 eontulit.
1162 616 1223 681 Hoc

222 703 391 784 canapium
422 702 539 766 imitati
563 708 637 767 sunt
663 704 762 768 aren:
793 723 883 784 eoque
911 723 982 768 nica
1002 705 1153 786 processit
1177 705 1223 767 ad-

223 791 428 856 sentaticnma
449 790 642 873 inpudentia,
664 797 700 856 ut
720 792 785 874 reyi
806 811 943 856 mamere
964 797 994 856 et
1013 793 1163 858 hsiderio
1181 794 1223 856 de

221 879 323 958 functi
352 878 521 943 insanienti
546 899 730 961 persuasum
761 881 883 945 tandem
911 881 1020 963 fuerit,
1052 881 1144 946 deum
1171 901 1225 944 esse

223 967 485 1048 Hephaestiuiem.
527 967 592 1048 Quo
615 969 736 1050 quidem
758 973 887 1049 taapore
908 989 945 1032 ea
966 969 1126 1051 copiarum
1148 970 1224 1034 duci

224 1055 278 1120 bus
299 1054 481 1137 Apolliocles
498 1054 626 1121 Samias
647 1057 691 1121 ad
710 1061 876 1121 extremum
891 1057 1026 1138 periculi
1041 1059 1134 1135 amit,
1154 1058 1226 1140 prod

223 1143 309 1208 illins
335 1144 487 1208 tumulum
508 1145 698 1226 praeteriens
718 1146 930 1210 inlacrimasse
951 1146 1035 1210 cisiis
1057 1151 1141 1210 esset.
1184 1146 1225 1209 Aa

223 1233 286 1296 nisi
321 1231 482 1297 Perdiccas
516 1235 641 1298 cenanti
674 1233 734 1298 sibi
765 1232 1021 1315 Hephaestionem
1052 1235 1225 1316 adparuisse

223 1321 380 1385 muntitns
406 1341 464 1402 per
490 1321 559 1386 deos
590 1341 693 1386 cinnes
718 1323 877 1404 iyosuimue
902 1321 1161 1403 Hephaestionem
1185 1323 1225 1387 de

223 1410 361 1491 mrassct,
386 1429 424 1473 eu
445 1410 511 1490 ipso
532 1429 564 1474 se
585 1412 764 1492 coynooisse,
791 1409 988 1492 Ayathoelem
1009 1431 1072 1474 non
1093 1416 1133 1476 ut
1152 1431 1225 1475 mor·

223 1502 310 1562 tuum
327 1503 355 1563 et
372 1518 470 1562 variae
492 1499 664 1564 divinitatis
687 1499 784 1564 titulis
804 1499 925 1579 frustra
945 1505 1089 1563 ornatum
1107 1501 1226 1581 flevisse,

222 1607 327 1650 rernm
354 1585 390 1650 ob
416 1587 596 1650 memoriam
623 1587 775 1668 pristinae
800 1588 973 1652 sodalitatis
1000 1589 1148 1653 lacrimas
1171 1607 1226 1652 non

224 1675 364 1752 nauum,
395 1675 444 1738 cir
473 1675 566 1755 sortis
592 1680 622 1739 et
645 1677 683 1740 de
706 1696 774 1757 reye
800 1675 870 1740 bene
896 1677 1022 1741 meritas
1042 1677 1173 1757 pietatis
1197 1678 1227 1738 ia

222 1764 358 1828 ommam
376 1783 484 1844 yraoes
499 1784 617 1846 poenas
638 1765 765 1828 iaaouio
787 1765 885 1846 comte
900 1765 1098 1846 pependisset.

311 1850 448 1917 Ceteram
469 1856 506 1915 ut
525 1853 685 1934 paulisper
707 1873 728 1915 a
750 1853 833 1916 lucta
854 1857 993 1917 auocaret
1013 1854 1169 1930 onimnm,
1196 1853 1227 1915 in

224 1939 421 2006 Cossaeorum
444 1945 562 2022 pentem
588 1942 806 2022 expeditionem
826 1942 963 2022 uacepit.
1002 1940 1086 2023 Iiiya
1107 1942 1227 2006 Mediae

222 2030 325 2092 mairia
342 2027 465 2093 Cossaei
483 2033 588 2112 tinem,
606 2049 748 2111 asperim
765 2033 794 2093 et
810 2049 878 2092 acre
893 2049 988 2112 penus
1005 2034 1035 2093 et
1049 2030 1227 2111 praedando

223 2117 318 2180 citam
345 2117 473 2180 tolerare
499 2118 630 2183 solitum.
674 2117 726 2182 Ab
751 2117 800 2182 his
825 2117 994 2183 Persarum
1019 2138 1103 2200 ryes
1128 2137 1226 2183 annuo

224 2205 335 2268 tributo
356 2223 465 2284 paoem
491 2207 637 2270 redimere
659 2210 885 2283 meminerant,
912 2227 950 2270 ue
971 2207 1007 2270 ia
1029 2207 1164 2272 subiecta
1185 2207 1226 2270 dc

223 2296 375 2357 annas
407 2291 550 2371 infestam
582 2294 752 2359 latrociniis
782 2296 933 2376 reyionem
957 2295 1099 2374 facerent.
1147 2295 1226 2360 Nan

222 2382 285 2446 cim
307 2384 483 2462 temptantes
499 2380 613 2446 Persas
632 2383 725 2463 facile
745 2384 952 2464 reppulerant,
974 2384 1140 2464 asperitate
1159 2385 1226 2448 loco

222 2491 294 2535 rum
329 2469 456 2550 defensi,
491 2471 527 2534 ia
559 2491 637 2552 puae
668 2491 700 2536 se
729 2471 919 2553 recipiebant,
959 2472 1097 2552 quotiens
1133 2471 1226 2536 armis

222 2559 453 2641 superabantur.
497 2558 598 2623 Iidem
628 2560 805 2624 muneribus
830 2562 994 2640 quotannis
1013 2560 1226 2641 placabantur,

221 2655 257 2712 ut
278 2648 342 2729 reyi
363 2647 545 2727 Ecbatanis,
567 2647 620 2712 ubi
643 2649 758 2712 oestioa
779 2648 893 2712 solebat
913 2669 1011 2732 apere,
1039 2648 1226 2730 Babylonem

222 2736 404 2816 remiyrauti
427 2741 509 2801 tatas
526 2757 583 2818 per
605 2756 641 2801 ea
664 2737 728 2801 loca
751 2739 900 2801 transitum
921 2742 1002 2801 esset.
1042 2735 1112 2801 Hos
1134 2739 1227 2820 iyitur

222 2822 399 2887 Aleuander
427 2824 570 2906 bipartito
592 2826 714 2907 aymiae
730 2825 890 2908 adpressus
911 2827 997 2889 iutra
1022 2827 1227 2908 quadruplata

223 2913 287 2977 dies
308 2913 489 2992 perdomuit.
538 2913 624 2978 Num
652 2913 692 2978 ab
717 2914 783 2994 ipso
809 2934 877 2996 reye
907 2919 936 2978 et
960 2913 1145 2991 Ptolemaeo,
1175 2911 1227 2995 qui

217 3005 340 3084 partem
370 3001 516 3066 enercitus
547 3002 683 3085 ducebat,
711 3022 797 3084 saepe
823 3003 915 3079 coesi,
942 3007 978 3065 ut
1002 3003 1137 3082 captivos
1158 3019 1227 3066 siros

223 3091 400 3170 reciperent,
416 3091 583 3169 pamaere
603 3110 635 3156 se
651 3091 765 3155 vicari
801 3090 862 3154 Ille
878 3091 1000 3156 ualidas
1016 3090 1106 3156 arbes
1123 3109 1225 3172 oppor-

223 3180 307 3243 tunis
330 3177 401 3242 locis
431 3180 533 3242 cctrai
561 3180 663 3257 iussit,
693 3199 733 3243 ne
757 3178 884 3243 abdente
910 3180 1042 3243 exercita
1067 3179 1138 3258 fera
1154 3195 1226 3261 yens

223 3266 440 3331 oboedientiam
462 3272 589 3331 eaueret.
623 3267 722 3332 Motis
742 3268 814 3332 inde
835 3269 957 3349 castris,
979 3272 1015 3331 ut
1032 3268 1160 3332 militem
1177 3285 1225 3330 ea-

218 3355 371 3436 peditione
387 3355 498 3418 recenti
513 3355 627 3434 fessum
644 3356 786 3436 reficeret,
806 3355 884 3420 hnto
900 3356 1022 3437 aymiae
1038 3355 1226 3438 Babylonem

218 3442 402 3526 procedebat.
447 3441 577 3525 Iamque
602 3444 655 3508 cia
682 3445 810 3526 triyinto
832 3444 870 3508 ab
892 3443 965 3508 urbe
984 3444 1095 3509 stodiis
1116 3443 1224 3524 mant,

223 3551 292 3595 cam
310 3529 470 3595 Nearchus
492 3532 634 3613 occurrit,
655 3552 743 3612 quem
759 3552 818 3614 per
841 3531 994 3597 Oceanum
1010 3536 1039 3596 et
1055 3531 1225 3614 Euphratis

223 3619 302 3682 ostia
324 3617 514 3697 Babylonem
534 3619 753 3699 praemiserat:
775 3621 946 3702 orabatque,
967 3640 1005 3684 ue
1019 3621 1148 3700 satana
1168 3617 1225 3684 sibi
