2602 4094
261 181 514 239 HISTORIARUM
531 183 744 238 ALEXANDRI
761 183 848 252 VIIII,
866 189 892 238 2
910 187 935 238 3.
1034 182 1099 246 233

94 326 254 444 capitibus
281 329 388 390 tacere
415 332 671 410 perseverarent,
698 325 830 392 Nescio
858 326 959 411 quid',
987 327 1101 412 inquit,

94 415 143 480 in
165 436 224 480 vos
246 414 422 498 inprudens
446 415 575 498 deliqui,
597 414 682 498 quod
700 436 751 480 me
771 437 813 479 ne
831 414 951 480 intueri
973 417 1101 500 quidem

94 503 204 568 vultis.
230 500 270 566 In
288 501 464 566 solitudine
477 503 557 566 mihi
571 503 681 568 videor
698 525 777 568 esse.
803 501 907 568 Nemo
921 505 1102 588 responde,

94 612 190 655 nemo
213 591 328 655 saltem
350 595 457 674 negat.
498 589 584 666 Quos
608 591 785 675 adloquor?
814 592 890 676 quid
915 596 972 656 aut
973 613 1024 656 em
1045 613 1102 675 pc·

96 679 206 744 stulo?
242 677 393 743 Vestram
416 678 553 762 gloriam
572 683 605 742 et
624 679 879 763 magnitudinem
895 680 1103 746 vindicamus.

95 767 163 833 Ubi
187 769 263 831 sunt
285 766 350 851 illi,
380 788 516 851 quorum
538 770 702 832 certamen
724 769 820 852 paulo
844 772 918 834 ante
941 767 1007 834 vidi
1029 789 1102 834 con·
1121 778 1154 826 ³2

95 854 308 938 tendentium,
330 855 386 938 qui
403 854 609 938 potissimum
626 857 787 920 vulnerati
805 857 891 940 regis
915 878 1030 940 corpus
1054 879 1104 922 ex·

96 943 263 1026 ciperent?
294 943 454 1042 desertus,
480 942 615 1008 destitut
601 946 654 1007 tus
680 965 766 1026 sum,
794 943 943 1010 hostibus
971 945 1058 1010 dedit
1043 948 1104 1010 tus

98 1029 162 1096 Sed
185 1032 272 1097 solus
296 1052 422 1115 quoque
444 1030 492 1096 ire
515 1033 737 1115 perseverabo.
777 1031 902 1098 Obicite
925 1054 977 1098 me
999 1033 1102 1098 flumi·
1120 1043 1154 1092 33

96 1119 194 1184 nibus
225 1123 259 1184 et
289 1118 394 1184 beluis
432 1122 464 1182 et
499 1119 563 1182 illis
600 1115 798 1204 gentibus,
803 1142 937 1206 quarum
972 1123 1106 1186 nomina

97 1205 249 1272 horretis.
291 1206 471 1308 Inveniam,
493 1207 548 1290 qui
572 1207 679 1272 desert
664 1211 734 1272 tum
758 1230 778 1273 a
799 1209 892 1274 vobis
916 1215 1105 1292 sequantur:

99 1294 241 1380 Scythae
258 1293 365 1360 Boot
325 1295 485 1379 tr1anique
504 1300 599 1360 erunt
616 1317 750 1370 mecum,
770 1297 881 1362 hostes
904 1296 1096 1380 pauloe
1021 1300 1106 1380 ante,

98 1405 184 1449 nunc
203 1383 322 1448 milites
339 1385 452 1448 nostri
492 1382 576 1448 Mori
593 1388 747 1468 praestat,
768 1407 865 1468 quam
882 1385 1027 1467 precario
1045 1385 1106 1448 im·
1125 1395 1160 1444 ιι

98 1475 283 1557 peratorem
306 1492 386 1536 esse.
428 1471 478 1536 Ite
500 1470 632 1536 reduces
655 1473 783 1539 domos!
810 1473 856 1538 ite
879 1473 1006 1536 deserto
1029 1492 1107 1556 rege

100 1560 250 1626 crantesl
299 1559 372 1642 Ego
404 1559 457 1624 hic
485 1582 504 1624 a
530 1560 623 1625 vobis
652 1561 841 1644 desperatae
867 1561 1023 1626 victoriae
1050 1564 1107 1625 aut

99 1649 258 1714 honestae
280 1648 380 1712 morti
402 1647 508 1711 locum
531 1647 716 1711 inveniam?

524 1805 602 1871 Oce.
624 1805 684 1870 111.

189 1911 241 1978 Ne
268 1912 315 1977 sic
343 1913 470 1997 quidem
497 1912 555 1977 ulli
580 1911 723 1976 militum
745 1934 808 1978 vox
831 1913 966 1997 exprimi
992 1914 1108 1996 potuit
1128 1923 1141 1971 1

99 2000 336 2084 Expectabant,
350 2003 387 2065 ut
401 2001 496 2066 duces
509 2001 734 2084 principesque
743 2000 786 2064 ad
797 2022 907 2085 regem
921 2001 1109 2085 perferrent,

99 2088 286 2155 vulneribus
313 2091 346 2152 et
373 2089 523 2154 continuo
556 2088 666 2153 labore
694 2089 832 2154 militiae
861 2089 1017 2174 fatigatos
1043 2112 1110 2156 non
1166 2103 1173 2114 '

100 2178 282 2243 detrectare
304 2177 427 2257 munia,
455 2176 511 2242 sed
538 2176 696 2242 sustinere
718 2199 784 2242 non
809 2199 913 2262 posse.
959 2177 1143 2244 Ouramma

99 2266 151 2330 illi
164 2268 254 2330 metu
268 2265 401 2329 attoniti
416 2265 584 2329 interram
602 2286 659 2328 ora
672 2265 857 2331 defixerant.
882 2267 987 2352 Igitur
1004 2268 1110 2351 primo

100 2355 251 2418 fremitus
283 2374 342 2417 sua
373 2358 501 2437 sponte,
532 2353 645 2417 deinde
678 2355 818 2437 gemitus
849 2376 975 2438 quoque
1008 2356 1110 2420 oritur

100 2443 325 2527 paulatimque
361 2441 492 2506 liberius
529 2441 622 2506 dolor
652 2443 734 2525 erigi
766 2443 872 2525 coepit
903 2443 1110 2506 manantibus

101 2529 260 2611 lacrimis,
287 2529 365 2594 adeo
393 2534 430 2594 ut
455 2551 513 2594 rex
538 2531 587 2594 ira
613 2529 648 2593 in
674 2529 925 2594 misericordiam
952 2550 1111 2594 versane

102 2619 173 2703 ipse
198 2578 339 2702 quidem,
358 2638 552 2719 quamquam
571 2621 713 2700 cuperet,
730 2622 911 2700 temperare
934 2617 1036 2682 oculis
1054 2638 1109 2700 po·

59 2709 95 2772 12
103 2706 211 2772 tueri
189 2705 386 2771 tTandem
399 2706 549 2770 universa
562 2705 711 2770 contione
725 2705 854 2770 effusius
871 2703 969 2770 flente
983 2701 1143 2770 Ooenus3

105 2815 202 2860 ausus
225 2798 276 2858 est
303 2794 526 2858 cunctantibus
549 2795 663 2858 ceteris
691 2793 824 2877 propius
852 2793 998 2857 tribunal
1026 2815 1111 2859 acce

105 2884 193 2964 dere,
216 2882 401 2966 significans
420 2903 454 2946 ιι
477 2881 567 2965 loqui
589 2881 679 2945 velle.
716 2880 818 2957 Quem
840 2886 877 2945 ut
899 2882 1006 2947 videre
1027 2881 1111 2945 mili·
1129 2891 1145 2939 l

16 3005 17 3048 ι
104 2975 155 3036 tes
174 2933 395 3036 detrahentem
414 2969 541 3054 galeam
561 2969 714 3051 capiti-
672 2970 777 3033 -ita
791 2969 877 3034 enim
895 2989 1005 3054 regem
1023 2969 1110 3034 adlo-

16 3111 17 3114 ,
107 3060 161 3144 qui
184 3081 254 3124 mos
278 3062 381 3123 est-
397 3057 473 3122 hort
459 3057 523 3121 tari
544 3060 726 3140 coeperunt,
748 3061 786 3121 ut
804 3078 935 3122 causam
953 3057 1110 3122 exercitus

107 3152 227 3232 ageret
262 3146 345 3210 Tum
360 3143 499 3228 Coenus,
518 3143 585 3225 Dii
597 3143 817 3229 prohibeant,
834 3146 953 3229 inquit,
972 3144 1145 3210 anchise

106 3237 212 3320 inpias
239 3239 377 3300 mentes:
405 3238 438 3299 et
464 3233 610 3316 profecto
637 3233 819 3317 prohibent.
867 3232 958 3298 Idem
986 3234 1111 3298 animus

108 3328 158 3389 ιιι
184 3324 264 3406 tuis,
291 3323 346 3406 qui
372 3322 434 3386 fuit
460 3343 599 3405 semper,
626 3321 672 3384 ire
696 3344 759 3405 quo
787 3322 932 3404 iusseris,
958 3341 1113 3405 pugnare,

108 3411 291 3496 periclitari,
301 3411 457 3496 sanguiue
465 3415 577 3473 nostro
588 3429 690 3473 comm
695 3410 810 3474 endere
824 3409 1007 3494 posteritati
1020 3415 1112 3474 tuum

108 3521 234 3566 nomen.
270 3497 409 3563 Proinde
425 3498 454 3562 si
471 3517 667 3582 perseveras,
685 3498 823 3563 inermes
841 3517 966 3581 quoque
985 3501 1019 3561 et
1034 3497 1112 3561 nudi

110 3593 142 3654 ιι
168 3607 343 3672 exangues,
373 3590 545 3669 utcumque
572 3585 633 3649 tibi
660 3586 749 3651 cordi
777 3589 839 3666 est,
872 3585 1034 3668 sequimur
1060 3583 1113 3649 vel
