2552 4108
193 222 282 277 XXIV
585 222 811 278 ΒΠΜΜΑΒΙΠΜ.

192 363 299 418 crudeli
318 364 414 418 adficit
431 363 578 434 supplicio.
609 365 669 419 VH.
687 363 796 420 Deinde
808 363 968 434 Aegyptum
985 363 1060 434 petit
1075 363 1205 433 risitque

123 441 175 491 831
193 434 268 488 loris
278 434 441 490 Hammonis
451 436 601 490 oraculum.
619 434 691 490 VIII.
702 435 733 488 In
742 434 871 504 Aegypto
880 434 1080 489 Alexandriam
1089 435 1204 490 condit:

193 505 259 560 inde
278 505 430 575 Memphim
448 505 533 574 petit,
552 522 596 560 res
614 505 737 576 Aegypti
756 506 875 560 ordinat
908 505 952 559 IX.
971 505 1078 560 Dareus
1098 506 1135 559 ad
1147 507 1204 560 Ar·

191 575 257 631 bela
269 576 397 646 pervenit
411 577 565 644 eodemque
578 579 708 646 superato
722 576 837 646 Tigride
850 575 1015 631 Alexander.
1043 575 1076 630 X.
1090 576 1203 632 Milites

192 648 228 702 ob
246 647 330 701 lunae
348 646 534 702 defectionem
551 648 679 701 turbatos
697 663 748 717 per
765 646 920 716 Aegyptios
945 649 1024 702 vates
1052 648 1204 702 confirmat

191 717 357 772 Alexander.
383 718 530 772 Persarum
542 717 648 772 milites
662 734 745 787 agros
759 721 903 772 vastantes
921 717 952 771 in
969 718 1067 787 fugam
1085 718 1203 773 conicit.

191 787 276 842 Darei
302 804 372 842 uxor
398 788 510 857 captiva
535 804 661 844 moerore
688 789 816 844 coniecta
843 804 1001 857 supremum
1029 787 1106 843 diem
1128 789 1203 844 obit.

191 858 344 912 Alexandri
369 858 469 914 luctus.
509 858 593 913 Darei
616 859 682 914 inde
706 859 890 941 suspiciones,
918 858 1032 928 cognita
1058 876 1089 914 re
1116 863 1204 929 grata

190 931 264 983 rota.
311 929 356 983 XI.
383 929 484 984 Pacem
515 930 630 984 tertium
661 933 819 999 quaesitam
845 929 951 984 Dareus
977 947 1035 984 nou
1066 929 1202 1000 inpetrat,

191 1000 229 1054 sd
247 999 420 1054 deditionem
437 1001 546 1054 autad
572 1001 678 1056 bellum
704 1001 753 1057 ille
781 1001 817 1056 ab
835 1000 994 1055 Alexandro
1021 1003 1201 1070 provocatur.

190 1070 250 1125 XII.
273 1070 317 1123 Ad
338 1070 476 1139 proelium
494 1071 561 1126 dum
573 1072 720 1126 Persarum
743 1088 773 1127 se
795 1070 932 1126 exercitus
955 1074 1048 1140 parat,
1068 1073 1200 1127 Macedo-

191 1158 240 1194 nes
262 1142 368 1196 terrore
387 1141 465 1196 velut
482 1142 654 1212 lymphatico
672 1141 797 1212 percussi
815 1159 892 1196 arma
915 1142 1021 1197 alacres
1039 1145 1193 1211 capessunt

190 1211 262 1266 XIII.
286 1210 411 1266 Consilia
439 1213 631 1268 Parmenionis
659 1216 689 1269 et
714 1212 936 1282 Polypercontis,
960 1213 1009 1282 qui
1030 1215 1199 1268 nocturnum

189 1281 327 1352 proelium
350 1283 481 1352 suadent,
503 1284 662 1338 Alexander
684 1284 801 1338 damnat
821 1300 974 1352 somnoque
992 1283 1114 1338 refectus
1133 1301 1199 1339 suos

191 1353 228 1408 ad
246 1370 369 1423 pugnam
386 1355 522 1410 accendit.
549 1354 621 1410 XIV.
640 1354 791 1409 Alexandri
810 1355 847 1409 ad
861 1353 1042 1419 Graecorum,
1062 1354 1148 1410 Darei
1162 1357 1197 1410 ad

189 1424 336 1480 Persarum
354 1425 506 1480 exercitum
529 1427 594 1480 ante
612 1442 736 1494 pugnam
754 1425 902 1481 orationes.
939 1425 998 1481 XV.
1022 1425 1137 1481 Canenti
1162 1427 1200 1480 ad

189 1495 295 1550 Arbela
316 1495 416 1565 proelii
440 1495 600 1564 descriptio.
639 1496 739 1551 Victor
759 1495 919 1551 Alexander
940 1495 1061 1551 Dareum
1089 1496 1199 1551 victum

191 1566 374 1637 persequitur.
410 1566 481 1621 XVI.
500 1565 583 1620 Laevi
602 1582 714 1633 cornus,
733 1567 779 1621 cui
796 1566 943 1622 Parmenio
961 1570 1102 1636 praeerat,
1122 1568 1198 1637 peri·

190 1639 285 1692 culum
306 1638 495 1693 Alexandrum
521 1637 648 1692 retrahit.
688 1637 812 1692 Tandem
833 1637 945 1708 integra
966 1637 1087 1692 victuma
1110 1638 1200 1708 potiti

188 1707 357 1764 Macedones
374 1707 498 1777 reliquos
516 1708 615 1763 Persas
634 1709 702 1779 fuga
719 1725 852 1778 quaerere
871 1708 991 1764 sulutem
1009 1710 1123 1778 cogunt.

605 1877 727 1937 LIBER
748 1877 784 1936 V.

261 1989 282 2044 I.
299 1989 390 2045 Dareo
408 1991 518 2047 Mediae
536 1991 604 2047 fines
622 1992 762 2062 ingresso,
780 1989 892 2045 Arbelis
909 1990 1018 2060 potitur
1035 1989 1197 2046 Alexander

191 2063 222 2116 et
237 2060 394 2129 Babylone,
422 2063 501 2116 cuius
523 2062 606 2129 situs,
634 2063 803 2132 amplitudo,
831 2061 955 2131 corrupti
978 2078 1069 2116 mores
1093 2062 1199 2116 descri-

190 2133 303 2186 buntur.
343 2131 376 2185 ΙΙ.
398 2131 536 2186 Militibus
561 2133 686 2202 praemia
703 2131 847 2202 proponit,
875 2135 907 2186 ut
929 2131 982 2187 otii
1003 2132 1076 2187 vitia
1103 2132 1198 2188 discu-

91 2248 97 2254 .
190 2204 272 2261 teret.
326 2201 397 2257 Susa
425 2204 522 2257 urbem
554 2220 588 2258 ac
614 2221 711 2272 regum
737 2204 883 2257 Persarum
910 2203 1056 2258 thesauros
1085 2202 1197 2273 recipIt,

191 2272 372 2343 Sisigambim
400 2273 568 2330 consolatur.
608 2273 654 2328 ΠΙ.
682 2273 815 2330 Uxiorum
846 2273 961 2344 regione
988 2277 1119 2343 superata
1148 2274 1199 2329 den

191 2345 266 2397 ditos
290 2347 319 2398 et
341 2344 466 2412 captivos
485 2361 548 2398 cum
570 2344 702 2399 libertate
724 2347 785 2398 tum
810 2344 988 2398 Immunitate
1006 2345 1106 2399 donat:
1129 2344 1196 2399 Per-

192 2415 282 2469 sidem
316 2414 422 2469 intrarc
457 2415 584 2484 cogitans
621 2416 656 2469 ab
691 2415 879 2470 Ariobarzane
915 2415 1044 2471 recedere
1077 2415 1197 2486 cogitur.

190 2486 238 2540 IV.
262 2485 379 2555 captivo
405 2487 527 2555 quodam
555 2486 610 2541 iter
631 2486 727 2556 paucis
751 2485 894 2555 cognitum
916 2487 1104 2553 monstrante,
1131 2486 1197 2540 Per·

192 2574 284 2611 sarum
302 2557 466 2625 exercitum,
485 2557 546 2627 ipso
564 2557 752 2612 Ariobarzane
770 2556 876 2625 occiso,
896 2557 980 2612 delet.
1017 2557 1050 2612 V.
1069 2557 1114 2610 Ad
1131 2557 1197 2611 Per-

192 2627 311 2697 sepolim
335 2645 487 2697 properans
517 2627 691 2698 captivorum
717 2627 886 2684 Graecorum
912 2627 951 2682 IV
976 2626 1057 2682 milia
1083 2627 1197 2683 liberat.
1269 2667 1270 2700 ,

123 2706 174 2760 330
192 2698 477 2780 VI30pulentissima
494 2699 562 2754 urbe
580 2699 722 2769 Persepoli
744 2699 869 2770 direpta,
892 2697 1054 2753 interiorem
1072 2698 1198 2752 Persidis

191 2772 431 2895 {tristati
452 2769 1200 2910 ihdddtbhltmiaithlimaglaMidili

193 2911 294 2966 deinde
310 2910 442 2992 persequi
459 2911 579 2966 Dareum
598 2911 706 2968 statuit.
741 2911 814 2966 VIII.
831 2909 917 2965 Darei
935 2927 1000 2966 suos
1018 2911 1055 2965 ad
1072 2928 1197 2981 pugnam

191 2982 332 3037 hortantis
346 2982 445 3037 oratio.
471 2982 517 3038 IX.
532 2982 634 3037 Variae
647 2981 806 3052 principum
819 2981 987 3036 sententiae:
1006 2981 1197 3036 consternatio

193 3053 229 3108 ob
248 3052 433 3121 Nabarzanis,
457 3053 505 3121 qui
527 3070 591 3108 cum
608 3053 694 3108 Besso
716 3052 884 3123 proditionis
903 3052 1067 3108 societatem
1085 3052 1196 3120 inierat,

193 3123 349 3178 consilium.
389 3123 422 3178 X.
444 3123 525 3179 Bessi
552 3126 581 3179 et
603 3123 776 3178 Nabarzanis
800 3123 834 3177 de
857 3123 948 3178 Dareo
975 3124 1119 3193 prodendo
1148 3126 1197 3179 aut

193 3194 346 3250 occidendo
368 3193 476 3250 nefaria
498 3195 673 3250 deliberatio.
709 3195 754 3250 XI.
773 3193 895 3249 Insidiae
913 3195 1088 3264 proditorum
1106 3194 1196 3248 Dareo

193 3265 363 3334 aperiuntur.
403 3266 430 3320 Is
457 3268 553 3320 tamen
575 3281 706 3335 praesens
729 3265 896 3321 Graecorum
923 3265 1031 3346 respuit
1053 3265 1196 3333 auxilium,

192 3338 307 3406 paratus
324 3334 428 3406 perire,
447 3336 473 3390 si
490 3336 600 3391 salvum
618 3352 647 3390 se
662 3352 723 3391 esse
737 3336 781 3390 sui
794 3336 903 3390 nollent
915 3335 1029 3390 milites.
1057 3335 1116 3391 XII.
1130 3336 1193 3391 Bes·

193 3425 240 3461 sus
267 3406 388 3461 Dareum
414 3407 487 3462 fietis
512 3407 606 3462 verbis
635 3409 664 3461 et
689 3406 812 3462 lacrimis
840 3407 967 3461 delusum
995 3407 1197 3477 conprehendit

193 3476 1196 3618 tiiItalidumAlhtail‘tlbltttbttitt.

193 3619 229 3674 ad
246 3620 393 3674 Persarum
411 3621 563 3676 exercitum
581 3619 734 3674 contendit.
766 3619 867 3673 Bessus
886 3623 981 3673 autem
999 3636 1062 3673 cum
1081 3619 1195 3687 reliquis

192 3690 339 3759 parricidis
367 3708 444 3746 arina
470 3693 634 3758 vultumque
660 3689 776 3744 victoris
803 3693 929 3744 metuens
951 3689 1072 3743 Dareum
1099 3689 1194 3744 multis
