<?xml version="1.0" encoding="UTF-8"?>
<!DOCTYPE html PUBLIC "-//W3C//DTD XHTML 1.0 Transitional//EN"
    "http://www.w3.org/TR/xhtml1/DTD/xhtml1-transitional.dtd">
<html xmlns="http://www.w3.org/1999/xhtml" xml:lang="en" lang="en">
 <head>
  <title>
</title>
<meta http-equiv="Content-Type" content="text/html;charset=utf-8" />
  <meta name='ocr-system' content='tesseract 3.04.00' />
  <meta name='ocr-capabilities' content='ocr_page ocr_carea ocr_par ocr_line ocrx_word'/>
</head>
<body>
  <div class='ocr_page' id='page_1' title='image "./qcurtirufihisto04rufugoog_0289.png"; bbox 0 0 2602 4094; ppageno 0'>
   <div class='ocr_carea' id='block_1_1' title="bbox 373 909 834 1010">
    <p class='ocr_par' dir='ltr' id='par_1_1' title="bbox 373 909 834 1010">
     <span class='ocr_line' id='line_1_1' title="bbox 373 909 834 1010; baseline -0.007 -19"><span class='ocrx_word' id='word_1_1' title='bbox 373 911 421 1010; x_wconf 84' lang='lat' dir='ltr'>Q.</span> <span class='ocrx_word' id='word_1_2' title='bbox 449 909 639 992; x_wconf 82' lang='lat' dir='ltr'>OURTI</span> <span class='ocrx_word' id='word_1_3' title='bbox 674 911 834 994; x_wconf 84' lang='lat' dir='ltr'>RUFI.</span> 
     </span>
    </p>
   </div>
   <div class='ocr_carea' id='block_1_2' title="bbox 470 1063 723 1120">
    <p class='ocr_par' dir='ltr' id='par_1_2' title="bbox 470 1063 723 1120">
     <span class='ocr_line' id='line_1_2' title="bbox 470 1063 723 1120; baseline 0 -2"><span class='ocrx_word' id='word_1_4' title='bbox 470 1063 723 1120; x_wconf 84' lang='lat' dir='ltr'>HISTORIARUM</span> 
     </span>
    </p>
   </div>
   <div class='ocr_carea' id='block_1_3' title="bbox 236 1227 962 1325">
    <p class='ocr_par' dir='ltr' id='par_1_3' title="bbox 236 1227 962 1325">
     <span class='ocr_line' id='line_1_3' title="bbox 236 1227 962 1325; baseline 0 -1"><span class='ocrx_word' id='word_1_5' title='bbox 236 1227 676 1325; x_wconf 85' lang='lat' dir='ltr'>ALEXANDRI</span> <span class='ocrx_word' id='word_1_6' title='bbox 715 1227 962 1325; x_wconf 82' lang='lat' dir='ltr'>MAGNI</span> 
     </span>
    </p>
   </div>
   <div class='ocr_carea' id='block_1_4' title="bbox 450 1418 741 1630">
    <p class='ocr_par' dir='ltr' id='par_1_4' title="bbox 450 1418 741 1630">
     <span class='ocr_line' id='line_1_4' title="bbox 450 1418 741 1485; baseline 0 -1"><span class='ocrx_word' id='word_1_7' title='bbox 450 1418 741 1485; x_wconf 79' lang='lat' dir='ltr'>MACEDONIS</span> 
     </span>
     <span class='ocr_line' id='line_1_5' title="bbox 514 1575 673 1630; baseline 0.006 0"><span class='ocrx_word' id='word_1_8' title='bbox 514 1575 623 1630; x_wconf 85' lang='lat' dir='ltr'>LIBER</span> <span class='ocrx_word' id='word_1_9' title='bbox 640 1575 673 1630; x_wconf 69' lang='lat' dir='ltr'>X</span> 
     </span>
    </p>
   </div>
   <div class='ocr_carea' id='block_1_5' title="bbox 535 1717 661 1784">
    <p class='ocr_par' dir='ltr' id='par_1_5' title="bbox 535 1717 661 1784">
     <span class='ocr_line' id='line_1_6' title="bbox 535 1717 661 1784; baseline 0 0"><span class='ocrx_word' id='word_1_10' title='bbox 535 1717 613 1784; x_wconf 77' lang='lat' dir='ltr'>Cre.</span> <span class='ocrx_word' id='word_1_11' title='bbox 635 1718 661 1784; x_wconf 94' lang='grc' dir='ltr'>Ι.</span> 
     </span>
    </p>
   </div>
   <div class='ocr_carea' id='block_1_6' title="bbox 65 1945 1134 2034">
    <p class='ocr_par' dir='ltr' id='par_1_6' title="bbox 65 1945 1134 2034">
     <span class='ocr_line' id='line_1_7' title="bbox 65 1945 1134 2034; baseline -0.004 -19"><span class='ocrx_word' id='word_1_12' title='bbox 65 1953 82 2015; x_wconf 93' lang='lat'>1</span> <span class='ocrx_word' id='word_1_13' title='bbox 181 1947 287 2014; x_wconf 90' lang='lat' dir='ltr'>Isdem</span> <span class='ocrx_word' id='word_1_14' title='bbox 307 1947 372 2012; x_wconf 85' lang='lat' dir='ltr'>lere</span> <span class='ocrx_word' id='word_1_15' title='bbox 387 1947 497 2014; x_wconf 89' lang='lat' dir='ltr'>diebus</span> <span class='ocrx_word' id='word_1_16' title='bbox 513 1945 669 2013; x_wconf 81' lang='lat' dir='ltr'>Cleander</span> <span class='ocrx_word' id='word_1_17' title='bbox 682 1954 716 2013; x_wconf 88' lang='lat' dir='ltr'>et</span> <span class='ocrx_word' id='word_1_18' title='bbox 729 1946 864 2014; x_wconf 75' lang='lat' dir='ltr'><strong>Sitalces</strong></span> <span class='ocrx_word' id='word_1_19' title='bbox 879 1952 998 2014; x_wconf 88' lang='lat' dir='ltr'>etcum</span> <span class='ocrx_word' id='word_1_20' title='bbox 1012 1950 1099 2034; x_wconf 82' lang='lat' dir='ltr'>Aga-</span> <span class='ocrx_word' id='word_1_21' title='bbox 1118 1962 1134 2010; x_wconf 87' lang='lat'><strong>1</strong></span> 
     </span>
    </p>
   </div>
   <div class='ocr_carea' id='block_1_7' title="bbox 92 2036 1137 3782">
    <p class='ocr_par' dir='ltr' id='par_1_7' title="bbox 92 2036 1137 3782">
     <span class='ocr_line' id='line_1_8' title="bbox 94 2036 1100 2122; baseline -0.001 -18"><span class='ocrx_word' id='word_1_22' title='bbox 94 2039 194 2104; x_wconf 87' lang='lat' dir='ltr'>thone</span> <span class='ocrx_word' id='word_1_23' title='bbox 221 2036 370 2103; x_wconf 90' lang='lat' dir='ltr'>Heracon</span> <span class='ocrx_word' id='word_1_24' title='bbox 396 2037 636 2120; x_wconf 84' lang='lat' dir='ltr'>superveniunt,</span> <span class='ocrx_word' id='word_1_25' title='bbox 664 2037 718 2122; x_wconf 90' lang='lat' dir='ltr'>qui</span> <span class='ocrx_word' id='word_1_26' title='bbox 741 2037 986 2103; x_wconf 83' lang='lat' dir='ltr'>Parmenionem</span> <span class='ocrx_word' id='word_1_27' title='bbox 1008 2038 1100 2103; x_wconf 89' lang='lat' dir='ltr'>iussu</span> 
     </span>
     <span class='ocr_line' id='line_1_9' title="bbox 92 2125 1134 2211; baseline -0.003 -20"><span class='ocrx_word' id='word_1_28' title='bbox 92 2126 181 2211; x_wconf 82' lang='lat' dir='ltr'>regis</span> <span class='ocrx_word' id='word_1_29' title='bbox 200 2125 390 2191; x_wconf 83' lang='lat' dir='ltr'>occiderant</span> <span class='ocrx_word' id='word_1_30' title='bbox 425 2143 448 2190; x_wconf 91' lang='lat' dir='ltr'>v</span> <span class='ocrx_word' id='word_1_31' title='bbox 467 2126 558 2190; x_wconf 90' lang='lat' dir='ltr'>milia</span> <span class='ocrx_word' id='word_1_32' title='bbox 573 2125 718 2209; x_wconf 87' lang='lat' dir='ltr'>peditum</span> <span class='ocrx_word' id='word_1_33' title='bbox 737 2147 809 2190; x_wconf 90' lang='lat' dir='ltr'>cum</span> <span class='ocrx_word' id='word_1_34' title='bbox 823 2127 983 2211; x_wconf 89' lang='lat' dir='ltr'>equitibus</span> <span class='ocrx_word' id='word_1_35' title='bbox 1002 2127 1099 2207; x_wconf 92' lang='lat' dir='ltr'>mille,</span> <span class='ocrx_word' id='word_1_36' title='bbox 1116 2139 1134 2188; x_wconf 75' lang='lat' dir='ltr'>a</span> 
     </span>
     <span class='ocr_line' id='line_1_10' title="bbox 95 2215 1100 2299; baseline 0.002 -20"><span class='ocrx_word' id='word_1_37' title='bbox 95 2215 152 2280; x_wconf 87' lang='lat' dir='ltr'>sed</span> <span class='ocrx_word' id='word_1_38' title='bbox 170 2218 203 2278; x_wconf 91' lang='lat' dir='ltr'>et</span> <span class='ocrx_word' id='word_1_39' title='bbox 220 2217 422 2280; x_wconf 78' lang='lat' dir='ltr'>accusatores</span> <span class='ocrx_word' id='word_1_40' title='bbox 441 2235 496 2279; x_wconf 88' lang='lat' dir='ltr'>eos</span> <span class='ocrx_word' id='word_1_41' title='bbox 516 2236 532 2278; x_wconf 92' lang='lat' dir='ltr'>e</span> <span class='ocrx_word' id='word_1_42' title='bbox 552 2215 725 2298; x_wconf 84' lang='lat' dir='ltr'>provincia,</span> <span class='ocrx_word' id='word_1_43' title='bbox 747 2215 799 2279; x_wconf 89' lang='lat' dir='ltr'>cui</span> <span class='ocrx_word' id='word_1_44' title='bbox 817 2215 1029 2299; x_wconf 75' lang='lat' dir='ltr'>praefuerant,</span> <span class='ocrx_word' id='word_1_45' title='bbox 1053 2238 1100 2281; x_wconf 91' lang='lat' dir='ltr'>se·</span> 
     </span>
     <span class='ocr_line' id='line_1_11' title="bbox 94 2302 1099 2388; baseline 0.003 -22"><span class='ocrx_word' id='word_1_46' title='bbox 94 2303 290 2388; x_wconf 85' lang='lat' dir='ltr'>quebantur:</span> <span class='ocrx_word' id='word_1_47' title='bbox 311 2324 370 2368; x_wconf 89' lang='lat' dir='ltr'>nec</span> <span class='ocrx_word' id='word_1_48' title='bbox 388 2305 441 2368; x_wconf 95' lang='lat' dir='ltr'>tot</span> <span class='ocrx_word' id='word_1_49' title='bbox 456 2302 614 2386; x_wconf 84' lang='lat' dir='ltr'>facinora,</span> <span class='ocrx_word' id='word_1_50' title='bbox 638 2307 716 2387; x_wconf 92' lang='lat' dir='ltr'>quot</span> <span class='ocrx_word' id='word_1_51' title='bbox 734 2303 944 2387; x_wconf 71' lang='lat' dir='ltr'>admiserant,</span> <span class='ocrx_word' id='word_1_52' title='bbox 962 2325 1099 2388; x_wconf 86' lang='lat' dir='ltr'>conpen-</span> 
     </span>
     <span class='ocr_line' id='line_1_12' title="bbox 94 2391 1099 2477; baseline 0.001 -21"><span class='ocrx_word' id='word_1_53' title='bbox 94 2413 167 2457; x_wconf 83' lang='lat' dir='ltr'>sare</span> <span class='ocrx_word' id='word_1_54' title='bbox 194 2393 345 2474; x_wconf 73' lang='lat' dir='ltr'>poterant</span> <span class='ocrx_word' id='word_1_55' title='bbox 371 2391 476 2456; x_wconf 89' lang='lat' dir='ltr'>oaedis</span> <span class='ocrx_word' id='word_1_56' title='bbox 503 2413 657 2475; x_wconf 89' lang='lat' dir='ltr'>perquam</span> <span class='ocrx_word' id='word_1_57' title='bbox 684 2395 795 2476; x_wconf 81' lang='lat' dir='ltr'>gratae</span> <span class='ocrx_word' id='word_1_58' title='bbox 820 2393 889 2477; x_wconf 83' lang='lat' dir='ltr'>regi</span> <span class='ocrx_word' id='word_1_59' title='bbox 911 2392 1099 2458; x_wconf 87' lang='lat' dir='ltr'>ministerio.</span> 
     </span>
     <span class='ocr_line' id='line_1_13' title="bbox 94 2479 1137 2566; baseline 0 -22"><span class='ocrx_word' id='word_1_60' title='bbox 94 2480 220 2563; x_wconf 85' lang='lat' dir='ltr'>Quippe</span> <span class='ocrx_word' id='word_1_61' title='bbox 243 2501 316 2545; x_wconf 90' lang='lat' dir='ltr'>cum</span> <span class='ocrx_word' id='word_1_62' title='bbox 338 2479 447 2544; x_wconf 85' lang='lat' dir='ltr'>omnia</span> <span class='ocrx_word' id='word_1_63' title='bbox 468 2480 605 2563; x_wconf 88' lang='lat' dir='ltr'>profana</span> <span class='ocrx_word' id='word_1_64' title='bbox 628 2481 832 2566; x_wconf 84' lang='lat' dir='ltr'>spoliassent,</span> <span class='ocrx_word' id='word_1_65' title='bbox 854 2500 895 2543; x_wconf 92' lang='lat' dir='ltr'>ne</span> <span class='ocrx_word' id='word_1_66' title='bbox 913 2479 1013 2544; x_wconf 90' lang='lat' dir='ltr'>sacris</span> <span class='ocrx_word' id='word_1_67' title='bbox 1031 2480 1137 2563; x_wconf 76' lang='lat' dir='ltr'>qui-8</span> 
     </span>
     <span class='ocr_line' id='line_1_14' title="bbox 93 2567 1099 2654; baseline -0.001 -21"><span class='ocrx_word' id='word_1_68' title='bbox 93 2569 168 2633; x_wconf 91' lang='lat' dir='ltr'>dem</span> <span class='ocrx_word' id='word_1_69' title='bbox 195 2568 417 2632; x_wconf 87' lang='lat' dir='ltr'>abstinuerant</span> <span class='ocrx_word' id='word_1_70' title='bbox 442 2569 647 2654; x_wconf 83' lang='lat' dir='ltr'>virginesque</span> <span class='ocrx_word' id='word_1_71' title='bbox 668 2571 701 2631; x_wconf 93' lang='lat' dir='ltr'>et</span> <span class='ocrx_word' id='word_1_72' title='bbox 722 2568 883 2652; x_wconf 90' lang='lat' dir='ltr'>principes</span> <span class='ocrx_word' id='word_1_73' title='bbox 905 2567 1099 2632; x_wconf 89' lang='lat' dir='ltr'>feminarum</span> 
     </span>
     <span class='ocr_line' id='line_1_15' title="bbox 94 2654 1137 2740; baseline -0.002 -18"><span class='ocrx_word' id='word_1_74' title='bbox 94 2661 208 2739; x_wconf 86' lang='lat' dir='ltr'>stupra</span> <span class='ocrx_word' id='word_1_75' title='bbox 224 2677 395 2740; x_wconf 87' lang='lat' dir='ltr'>perpessae</span> <span class='ocrx_word' id='word_1_76' title='bbox 413 2678 583 2740; x_wconf 88' lang='lat' dir='ltr'>corporum</span> <span class='ocrx_word' id='word_1_77' title='bbox 598 2656 737 2720; x_wconf 89' lang='lat' dir='ltr'>ludibria</span> <span class='ocrx_word' id='word_1_78' title='bbox 751 2655 918 2720; x_wconf 86' lang='lat' dir='ltr'>deflebant</span> <span class='ocrx_word' id='word_1_79' title='bbox 954 2654 1098 2720; x_wconf 88' lang='lat' dir='ltr'>Invisum</span> <span class='ocrx_word' id='word_1_80' title='bbox 1117 2672 1137 2720; x_wconf 78' lang='lat'>4</span> 
     </span>
     <span class='ocr_line' id='line_1_16' title="bbox 94 2742 1099 2810; baseline -0.002 0"><span class='ocrx_word' id='word_1_81' title='bbox 94 2744 306 2810; x_wconf 79' lang='lat' dir='ltr'>Macedonum</span> <span class='ocrx_word' id='word_1_82' title='bbox 331 2766 450 2810; x_wconf 90' lang='lat' dir='ltr'>nomen</span> <span class='ocrx_word' id='word_1_83' title='bbox 477 2745 614 2810; x_wconf 88' lang='lat' dir='ltr'>avaritia</span> <span class='ocrx_word' id='word_1_84' title='bbox 636 2765 746 2809; x_wconf 90' lang='lat' dir='ltr'>eorum</span> <span class='ocrx_word' id='word_1_85' title='bbox 769 2763 807 2808; x_wconf 87' lang='lat' dir='ltr'>ac</span> <span class='ocrx_word' id='word_1_86' title='bbox 828 2742 930 2808; x_wconf 93' lang='lat' dir='ltr'>libido</span> <span class='ocrx_word' id='word_1_87' title='bbox 952 2744 1099 2809; x_wconf 88' lang='lat' dir='ltr'>barbaris</span> 
     </span>
     <span class='ocr_line' id='line_1_17' title="bbox 93 2828 1134 2917; baseline 0 -19"><span class='ocrx_word' id='word_1_88' title='bbox 93 2833 222 2899; x_wconf 83' lang='lat' dir='ltr'>fecerat</span> <span class='ocrx_word' id='word_1_89' title='bbox 261 2831 350 2898; x_wconf 88' lang='lat' dir='ltr'>Inter</span> <span class='ocrx_word' id='word_1_90' title='bbox 378 2855 487 2899; x_wconf 90' lang='lat' dir='ltr'>omnes</span> <span class='ocrx_word' id='word_1_91' title='bbox 514 2837 623 2897; x_wconf 86' lang='lat' dir='ltr'>tamen</span> <span class='ocrx_word' id='word_1_92' title='bbox 646 2831 806 2896; x_wconf 88' lang='lat' dir='ltr'>eminebat</span> <span class='ocrx_word' id='word_1_93' title='bbox 828 2828 978 2897; x_wconf 84' lang='lat' dir='ltr'>Cleandri</span> <span class='ocrx_word' id='word_1_94' title='bbox 1000 2833 1099 2917; x_wconf 90' lang='lat' dir='ltr'>furor,</span> <span class='ocrx_word' id='word_1_95' title='bbox 1118 2851 1134 2898; x_wconf 79' lang='lat'><strong>5</strong></span> 
     </span>
     <span class='ocr_line' id='line_1_18' title="bbox 94 2918 1099 3007; baseline -0.002 -21"><span class='ocrx_word' id='word_1_96' title='bbox 94 2922 150 3007; x_wconf 93' lang='lat' dir='ltr'>qui</span> <span class='ocrx_word' id='word_1_97' title='bbox 171 2921 315 2988; x_wconf 92' lang='lat' dir='ltr'>nobilem</span> <span class='ocrx_word' id='word_1_98' title='bbox 337 2921 496 3006; x_wconf 81' lang='lat' dir='ltr'>virginem</span> <span class='ocrx_word' id='word_1_99' title='bbox 514 2923 756 3004; x_wconf 87' lang='lat' dir='ltr'>constupratam</span> <span class='ocrx_word' id='word_1_100' title='bbox 775 2940 868 2983; x_wconf 87' lang='lat' dir='ltr'>servo</span> <span class='ocrx_word' id='word_1_101' title='bbox 886 2918 944 2985; x_wconf 87' lang='lat' dir='ltr'>&#39;suo</span> <span class='ocrx_word' id='word_1_102' title='bbox 962 2921 1099 3005; x_wconf 90' lang='lat' dir='ltr'>pelicem</span> 
     </span>
     <span class='ocr_line' id='line_1_19' title="bbox 94 3007 1134 3094; baseline 0 -19"><span class='ocrx_word' id='word_1_103' title='bbox 94 3011 233 3075; x_wconf 86' lang='lat' dir='ltr'>dederat.</span> <span class='ocrx_word' id='word_1_104' title='bbox 266 3010 414 3094; x_wconf 88' lang='lat' dir='ltr'>Plerique</span> <span class='ocrx_word' id='word_1_105' title='bbox 438 3009 612 3074; x_wconf 88' lang='lat' dir='ltr'>amicorum</span> <span class='ocrx_word' id='word_1_106' title='bbox 630 3007 804 3072; x_wconf 86' lang='lat' dir='ltr'>Alexandri</span> <span class='ocrx_word' id='word_1_107' title='bbox 825 3011 976 3073; x_wconf 88' lang='lat' dir='ltr'>nontam</span> <span class='ocrx_word' id='word_1_108' title='bbox 995 3009 1098 3072; x_wconf 91' lang='lat' dir='ltr'>crimi-</span> <span class='ocrx_word' id='word_1_109' title='bbox 1117 3027 1134 3075; x_wconf 82' lang='grc'>6</span> 
     </span>
     <span class='ocr_line' id='line_1_20' title="bbox 93 3096 1100 3182; baseline -0.002 -20"><span class='ocrx_word' id='word_1_110' title='bbox 93 3121 181 3182; x_wconf 92' lang='lat' dir='ltr'>num,</span> <span class='ocrx_word' id='word_1_111' title='bbox 195 3121 276 3182; x_wconf 88' lang='lat' dir='ltr'>quac</span> <span class='ocrx_word' id='word_1_112' title='bbox 290 3100 397 3182; x_wconf 88' lang='lat' dir='ltr'>palam</span> <span class='ocrx_word' id='word_1_113' title='bbox 412 3097 640 3179; x_wconf 87' lang='lat' dir='ltr'>obiciebantur,</span> <span class='ocrx_word' id='word_1_114' title='bbox 655 3096 858 3161; x_wconf 87' lang='lat' dir='ltr'>atrocitatem</span> <span class='ocrx_word' id='word_1_115' title='bbox 872 3119 968 3180; x_wconf 89' lang='lat' dir='ltr'>quam</span> <span class='ocrx_word' id='word_1_116' title='bbox 981 3118 1100 3161; x_wconf 88' lang='lat' dir='ltr'>merno-</span> 
     </span>
     <span class='ocr_line' id='line_1_21' title="bbox 94 3183 1099 3271; baseline -0.002 -19"><span class='ocrx_word' id='word_1_117' title='bbox 94 3188 178 3252; x_wconf 87' lang='lat' dir='ltr'>riam</span> <span class='ocrx_word' id='word_1_118' title='bbox 192 3188 288 3252; x_wconf 90' lang='lat' dir='ltr'>occisi</span> <span class='ocrx_word' id='word_1_119' title='bbox 302 3208 360 3271; x_wconf 89' lang='lat' dir='ltr'>per</span> <span class='ocrx_word' id='word_1_120' title='bbox 373 3186 447 3251; x_wconf 89' lang='lat' dir='ltr'>illos</span> <span class='ocrx_word' id='word_1_121' title='bbox 457 3185 688 3268; x_wconf 88' lang='lat' dir='ltr'>Parmenionis,</span> <span class='ocrx_word' id='word_1_122' title='bbox 703 3183 787 3267; x_wconf 90' lang='lat' dir='ltr'>quod</span> <span class='ocrx_word' id='word_1_123' title='bbox 801 3184 937 3249; x_wconf 89' lang='lat' dir='ltr'>tacitum</span> <span class='ocrx_word' id='word_1_124' title='bbox 947 3184 1099 3267; x_wconf 80' lang='lat' dir='ltr'>prodesse</span> 
     </span>
     <span class='ocr_line' id='line_1_22' title="bbox 94 3273 1099 3359; baseline 0 -21"><span class='ocrx_word' id='word_1_125' title='bbox 94 3277 158 3340; x_wconf 89' lang='lat' dir='ltr'>reis</span> <span class='ocrx_word' id='word_1_126' title='bbox 187 3275 271 3358; x_wconf 90' lang='lat' dir='ltr'>apud</span> <span class='ocrx_word' id='word_1_127' title='bbox 293 3295 404 3359; x_wconf 86' lang='lat' dir='ltr'>regem</span> <span class='ocrx_word' id='word_1_128' title='bbox 426 3278 568 3358; x_wconf 88' lang='lat' dir='ltr'>poterat,</span> <span class='ocrx_word' id='word_1_129' title='bbox 595 3273 816 3354; x_wconf 87' lang='lat' dir='ltr'>intuebantur,</span> <span class='ocrx_word' id='word_1_130' title='bbox 844 3273 922 3337; x_wconf 90' lang='lat' dir='ltr'>laeti</span> <span class='ocrx_word' id='word_1_131' title='bbox 947 3274 1099 3338; x_wconf 89' lang='lat' dir='ltr'>recidisse</span> 
     </span>
     <span class='ocr_line' id='line_1_23' title="bbox 94 3361 1098 3444; baseline -0.001 -16"><span class='ocrx_word' id='word_1_132' title='bbox 94 3364 177 3428; x_wconf 86' lang='lat' dir='ltr'>iram</span> <span class='ocrx_word' id='word_1_133' title='bbox 204 3364 239 3427; x_wconf 92' lang='lat' dir='ltr'>in</span> <span class='ocrx_word' id='word_1_134' title='bbox 265 3364 332 3428; x_wconf 86' lang='lat' dir='ltr'>irae</span> <span class='ocrx_word' id='word_1_135' title='bbox 363 3363 530 3427; x_wconf 89' lang='lat' dir='ltr'>ministros</span> <span class='ocrx_word' id='word_1_136' title='bbox 556 3384 616 3427; x_wconf 90' lang='lat' dir='ltr'>neo</span> <span class='ocrx_word' id='word_1_137' title='bbox 643 3361 744 3426; x_wconf 90' lang='lat' dir='ltr'>ullam</span> <span class='ocrx_word' id='word_1_138' title='bbox 771 3362 950 3444; x_wconf 90' lang='lat' dir='ltr'>potentiam</span> <span class='ocrx_word' id='word_1_139' title='bbox 979 3363 1098 3427; x_wconf 88' lang='lat' dir='ltr'>scelere</span> 
     </span>
     <span class='ocr_line' id='line_1_24' title="bbox 95 3449 1134 3536; baseline -0.001 -19"><span class='ocrx_word' id='word_1_140' title='bbox 95 3451 275 3536; x_wconf 87' lang='lat' dir='ltr'>quaesitam</span> <span class='ocrx_word' id='word_1_141' title='bbox 293 3453 442 3536; x_wconf 90' lang='lat' dir='ltr'>cuiquam</span> <span class='ocrx_word' id='word_1_142' title='bbox 461 3472 529 3516; x_wconf 91' lang='lat' dir='ltr'>esse</span> <span class='ocrx_word' id='word_1_143' title='bbox 549 3450 742 3515; x_wconf 90' lang='lat' dir='ltr'>diuturnam.</span> <span class='ocrx_word' id='word_1_144' title='bbox 770 3449 838 3514; x_wconf 86' lang='lat' dir='ltr'>Rex</span> <span class='ocrx_word' id='word_1_145' title='bbox 857 3450 987 3532; x_wconf 82' lang='lat' dir='ltr'>cognita</span> <span class='ocrx_word' id='word_1_146' title='bbox 1001 3472 1098 3516; x_wconf 90' lang='lat' dir='ltr'>causa</span> <span class='ocrx_word' id='word_1_147' title='bbox 1117 3468 1134 3516; x_wconf 72' lang='lat' dir='ltr'>r</span> 
     </span>
     <span class='ocr_line' id='line_1_25' title="bbox 94 3537 1097 3624; baseline -0.002 -20"><span class='ocrx_word' id='word_1_148' title='bbox 94 3540 316 3624; x_wconf 83' lang='lat' dir='ltr'>pronuntiavit</span> <span class='ocrx_word' id='word_1_149' title='bbox 345 3540 386 3605; x_wconf 87' lang='lat' dir='ltr'>ab</span> <span class='ocrx_word' id='word_1_150' title='bbox 411 3539 650 3604; x_wconf 85' lang='lat' dir='ltr'>accusatoribus</span> <span class='ocrx_word' id='word_1_151' title='bbox 677 3561 776 3604; x_wconf 90' lang='lat' dir='ltr'>unum</span> <span class='ocrx_word' id='word_1_152' title='bbox 805 3542 838 3602; x_wconf 94' lang='lat' dir='ltr'>et</span> <span class='ocrx_word' id='word_1_153' title='bbox 864 3537 897 3601; x_wconf 93' lang='lat' dir='ltr'>id</span> <span class='ocrx_word' id='word_1_154' title='bbox 921 3540 1097 3604; x_wconf 87' lang='lat' dir='ltr'>maximum</span> 
     </span>
     <span class='ocr_line' id='line_1_26' title="bbox 96 3626 1098 3712; baseline 0 -21"><span class='ocrx_word' id='word_1_155' title='bbox 96 3629 215 3694; x_wconf 87' lang='lat' dir='ltr'>crimen</span> <span class='ocrx_word' id='word_1_156' title='bbox 242 3649 310 3692; x_wconf 89' lang='lat' dir='ltr'>esse</span> <span class='ocrx_word' id='word_1_157' title='bbox 334 3629 559 3712; x_wconf 89' lang='lat' dir='ltr'>praeteritum,</span> <span class='ocrx_word' id='word_1_158' title='bbox 588 3626 844 3710; x_wconf 88' lang='lat' dir='ltr'>desperationem</span> <span class='ocrx_word' id='word_1_159' title='bbox 870 3626 984 3690; x_wconf 87' lang='lat' dir='ltr'>salutis</span> <span class='ocrx_word' id='word_1_160' title='bbox 1008 3648 1098 3691; x_wconf 87' lang='lat' dir='ltr'>suae:</span> 
     </span>
     <span class='ocr_line' id='line_1_27' title="bbox 146 3735 933 3782; baseline -0.001 0"><span class='ocrx_word' id='word_1_161' title='bbox 146 3741 239 3782; x_wconf 70' lang='lat' dir='ltr'>cuorus</span> <span class='ocrx_word' id='word_1_162' title='bbox 252 3742 333 3782; x_wconf 80' lang='lat' dir='ltr'>Rufus.</span> <span class='ocrx_word' id='word_1_163' title='bbox 902 3735 933 3781; x_wconf 84' lang='grc'>17</span> 
     </span>
    </p>
   </div>
   <div class='ocr_carea' id='block_1_8' title="bbox 0 0 1306 4094">
    <p class='ocr_par' dir='ltr' id='par_1_8' title="bbox 0 0 1306 4094">
     <span class='ocr_line' id='line_1_28' title="bbox 0 0 1306 4094; baseline 0 0"><span class='ocrx_word' id='word_1_164' title='bbox 0 0 1306 4094; x_wconf 95' lang='lat' dir='ltr'> </span> 
     </span>
    </p>
   </div>
  </div>
 </body>
</html>
