2582 4098
207 201 270 266 126
580 203 612 268 Q.
631 202 741 258 CURTI
759 203 843 258 RUFI

204 349 310 411 tortos
328 368 439 411 mrsus
461 346 609 412 inserunt
626 350 744 411 terrae:
765 346 839 411 inde
857 347 947 412 velut
965 369 1004 412 ex
1021 347 1086 412 alia
1102 347 1214 413 radice

153 446 186 496 15
204 433 356 500 laetiores
380 435 486 499 virent
508 435 623 499 trunci.
667 433 750 517 Hos,
779 457 844 518 qua
864 439 983 500 natura
1005 436 1082 519 fert,
1104 435 1214 501 adole·

204 544 292 589 scere
314 545 380 588 non
408 522 533 604 sinunt,
560 523 680 607 quippe
703 523 803 588 alium
829 523 885 588 alii
910 523 1003 607 quasi
1027 545 1113 588 nexu
1142 546 1215 588 eon·

204 614 329 676 seruntt
360 609 415 693 qui
446 609 502 674 ubi
534 611 636 674 multa
661 610 775 676 fronde
803 611 913 676 vestiti
940 615 1028 694 sunt,
1059 613 1214 696 operiunt

202 703 333 764 terram.
378 697 492 781 Itaque
519 698 637 764 occulti
663 721 827 764 ramorum
855 701 944 764 velut
970 700 1077 783 laquei
1101 721 1214 785 perpe-

153 801 184 848 16
202 792 261 853 tua
284 807 381 869 saepe
393 786 456 850 iter
469 785 610 853 cludunt
646 785 719 852 Una
732 788 817 852 ratio
832 792 902 852 erat
915 787 1072 852 caedendo
1088 790 1215 870 aperire

203 876 337 956 saltum,
366 874 422 938 sed
448 874 511 939 hoc
539 897 664 960 quoque
691 877 801 960 magni
825 875 941 960 operis.
986 873 1100 942 Crebri
1122 899 1215 940 nam·

203 983 264 1047 qne
282 961 358 1026 nodi
378 961 573 1028 duraverant
591 963 720 1048 stipites
739 964 823 1028 etin
842 986 876 1028 se
892 963 1041 1047 inplicati
1059 965 1215 1030 arborum

201 1050 284 1114 rami
312 1050 473 1133 suspensis
501 1051 628 1116 circadis
660 1051 780 1118 similes
812 1053 899 1118 lento
930 1052 1048 1116 vimine
1074 1052 1214 1118 frustra·

151 1152 183 1200 17
202 1139 321 1202 bantur
351 1139 443 1204 ictus.
487 1138 618 1204 Incolae
654 1144 761 1206 autem
798 1140 864 1206 ritu
894 1140 1035 1206 ferarum
1067 1140 1213 1226 virgulta

202 1225 312 1292 subire
339 1227 426 1292 soliti
453 1230 523 1292 tum
546 1249 672 1312 quoque
698 1229 898 1294 intraverant
919 1229 1040 1293 saltum
1063 1230 1213 1294 occultis·

202 1335 263 1400 que
290 1315 365 1380 telis
391 1315 520 1381 hostem
547 1316 757 1381 lacessebant
808 1316 869 1381 Ille
897 1317 1085 1381 venantium
1116 1309 1249 1382 modoll

201 1402 339 1468 latibula
357 1407 519 1468 scrutatus
537 1403 707 1488 plerosque
725 1405 878 1470 confodit
913 1405 966 1468 Ad
983 1405 1136 1470 ultimum
1156 1408 1214 1472 cir·

202 1492 322 1556 cumire
347 1512 403 1557 rea
430 1493 550 1556 saltum
577 1493 698 1558 militer
726 1493 830 1575 iubet,
856 1496 905 1575 ut,
933 1493 961 1557 si
990 1514 1054 1577 qua
1075 1498 1214 1577 pateret,

150 1583 182 1633 18
201 1579 431 1663 inrumperent
476 1577 539 1644 Sed
570 1579 690 1662 ignotis
722 1581 802 1646 loeis
833 1580 978 1664 plerique
1005 1581 1213 1666 oberrabant,

202 1668 389 1753 exceptique
416 1671 492 1731 sunt
519 1667 664 1752 quidam,
694 1669 780 1733 inter
808 1691 887 1753 quos
920 1690 1021 1753 equus
1052 1670 1142 1754 regis
1174 1707 1210 1718 -

200 1755 422 1842 Bucephalam
444 1757 603 1820 vocabant
624 1791 661 1804 -
687 1778 782 1841 quem
805 1757 987 1822 Alexander
1008 1778 1075 1822 non
1097 1760 1212 1824 eodem

200 1867 264 1929 quo
293 1849 416 1910 ceteras
444 1844 582 1927 pecudes
605 1845 712 1910 animo
735 1846 938 1910 aestimabat.
982 1845 1133 1931 Namque
1156 1849 1212 1912 ille

200 1954 260 1998 nec
284 1933 319 1996 in
342 1933 438 1997 dorso
461 1933 600 1998 insidere
623 1955 681 1998 suo
703 1933 888 2017 patiebatur
911 1933 1011 1998 alium
1035 1937 1068 1998 et
1090 1956 1211 2020 regem,

201 2042 274 2085 cum
292 2020 391 2084 vellet
409 2021 587 2104 ascendere,
610 2025 721 2104 sponte
740 2041 844 2107 genua
862 2021 1055 2086 submittens
1074 2024 1211 2107 excipie-

151 2121 181 2168 19
201 2109 259 2172 bat
277 2107 527 2191 credebaturque
546 2110 674 2190 sentire,
694 2130 788 2193 quem
807 2109 945 2174 veheret.
980 2109 1104 2175 Maiore
1122 2133 1211 2198 ergo,

201 2216 299 2279 quam
322 2195 468 2277 decebat,
495 2196 545 2260 ira
571 2197 668 2261 simul
691 2219 729 2263 ac
752 2197 860 2262 dolore
884 2197 1068 2263 stimulatus
1092 2220 1211 2283 equum

201 2283 356 2366 vestigari
392 2283 484 2346 iubet
519 2287 551 2347 et
586 2306 643 2367 per
678 2285 886 2368 interpretem
921 2286 1142 2372 pronuntiari,
1177 2290 1210 2353 ni

200 2370 427 2453 reddidissent,
453 2371 615 2436 neminem
642 2393 712 2437 esse
738 2374 905 2438 victurum.
948 2373 1020 2438 Hac
1041 2374 1209 2442 denuntia·

150 2471 184 2520 20
202 2459 290 2524 tione
313 2459 421 2524 territi
443 2481 516 2524 eum
538 2459 652 2524 ceteris
676 2459 768 2526 donis
791 2483 907 2546 equum
931 2461 1101 2528 adducunt
1148 2463 1209 2530 Sed

200 2570 241 2612 ne
264 2548 310 2614 sic
332 2548 460 2632 quidem
482 2548 652 2632 mitigatus
676 2549 766 2614 caedi
784 2550 882 2614 silvas
901 2549 992 2614 iubet
1010 2551 1209 2638 adgestaque

200 2637 298 2701 humo
314 2658 331 2701 e
346 2637 510 2703 montibus
524 2637 693 2720 planitiem
706 2638 806 2702 ramis
820 2638 996 2722 inpeditam
1010 2642 1208 2726 exaggerari

147 2735 180 2785 21
199 2724 270 2789 Iam
292 2727 327 2790 ia
350 2726 550 2809 aliquantum
569 2726 751 2790 altitudinis
768 2748 849 2809 opus
868 2730 1021 2810 creverat,
1044 2749 1118 2794 eum
1136 2731 1207 2794 bar·

200 2813 284 2894 bari,
313 2812 480 2896 desperato
508 2815 685 2898 regionem,
712 2835 808 2897 quam
838 2819 1086 2901 occupaverant,
1112 2839 1208 2901 posse

199 2900 341 2984 retineri,
359 2904 488 2984 gentem
506 2923 597 2966 suam
615 2901 772 2967 dedidere.
803 2901 872 2967 Rex
887 2902 1053 2968 obsidibus
1068 2907 1207 2989 acceptis

198 2988 354 3053 Phradati
376 3011 488 3071 parere
512 3011 567 3055 eos
590 2990 694 3055 iussit

147 3090 180 3140 22
286 3076 365 3141 Inde
389 3080 502 3160 quinto
525 3078 577 3142 die
595 3079 630 3142 in
648 3079 768 3143 stativa
787 3079 969 3144 revertitur.
1009 3079 1207 3147 Artabazum
1217 3073 1245 3138 18

199 3165 312 3252 deinde
345 3167 508 3250 geminato
536 3166 672 3248 honore,
704 3188 799 3250 quem
824 3164 950 3232 Dareus
979 3167 1139 3235 habuerat
1169 3172 1207 3253 ei,

198 3254 337 3318 remittit
365 3253 503 3318 domum.
547 3253 617 3318 Iam
646 3254 686 3318 ad
712 3256 826 3319 urbem
853 3254 1051 3339 Hyrcaniae,
1081 3258 1116 3322 in
1144 3280 1207 3342 qua

198 3341 288 3426 regia
311 3340 409 3404 Darei
432 3341 507 3424 fuit,
532 3346 661 3406 ventum
680 3345 763 3407 erat:
783 3343 830 3406 ibi
848 3341 1055 3409 Nabarzanes
1074 3343 1206 3430 accepta

15 3463 16 3470 κ
145 3435 178 3483 ‘²3
197 3431 260 3496 fide
279 3429 419 3495 occurrit
437 3429 520 3494 dona
538 3431 683 3514 ingentia
700 3429 814 3495 ferens.
859 3429 950 3495 Inter
971 3453 1054 3515 quae
1076 3433 1205 3518 Bagoas

199 3521 281 3602 erat,
304 3517 410 3600 specie
433 3518 591 3602 singulari
615 3517 714 3600 spado
738 3522 836 3602 atque
858 3519 892 3583 in
915 3519 987 3602 ipso
1006 3521 1086 3586 flore
1104 3523 1205 3607 pueri-

197 3609 276 3690 tiae,
302 3605 354 3669 cui
381 3609 414 3668 et
441 3605 564 3669 Dareus
592 3604 743 3669 adsuetus
769 3607 876 3670 fuerat
904 3611 937 3671 et
963 3628 1039 3674 mox
1066 3608 1204 3675 Alexan-
