2582 4098
221 215 474 272 Hlsrofflaaux
491 217 705 272 ALEXANDRJ
722 217 760 288 V,
780 224 821 273 11.
841 224 882 274 rs.
1005 218 1065 282 107

59 358 168 423 losum
190 363 275 423 esset
295 382 363 425 non
385 360 510 425 credere
533 361 607 447 suis,
630 383 726 446 quam
743 361 854 446 decipi
889 380 961 427 xxx
977 363 1101 433 miliae

60 449 168 530 erant,
199 467 334 530 quorum
364 449 518 513 inclinata
548 449 583 513 in
609 451 711 515 scelus
737 450 852 515 levitas
879 450 1065 517 timebatur:

59 551 114 597 1111
131 534 221 598 milia
234 533 355 601 Patron
372 536 526 601 habebat:
549 537 664 620 quibus
683 538 711 602 si
728 537 914 604 credidisset
930 539 1067 603 salutem

60 643 155 686 suam
184 622 336 687 damnata
361 624 564 708 popularium
589 625 664 708 fide,
694 625 864 709 parricidio
891 627 1066 691 excusatio·

59 731 138 774 nem
155 709 285 776 videbat
301 711 420 777 offerri.
454 711 567 796 Itaque
584 714 795 797 praeoptabat
806 714 955 780 inmerito
970 736 1066 799 quam
1084 735 1101 784 s

59 799 132 862 iure
157 798 280 864 violari
322 797 423 865 Besso
448 803 557 864 tamen
583 801 770 865 insidiarum
797 802 965 867 consilium
991 823 1065 886 pur·

59 887 155 972 genti
185 887 364 972 respondit,
394 887 570 952 Alexandri
598 889 659 954 sibi
684 910 751 954 non
777 890 883 954 minus
909 890 1066 954 iustitiam

59 996 160 1058 quam
186 974 338 1039 virtutm
364 995 434 1040 esse
460 979 667 1060 perspectam.
710 975 792 1040 Falli
817 998 886 1062 eos,
916 979 971 1061 qui
993 1000 1065 1061 pro·

58 1061 193 1127 ditionis
220 1063 261 1127 ab
289 1084 327 1128 eo
348 1064 526 1147 praemium
547 1067 727 1146 expectent:
756 1064 893 1129 violatas
914 1066 988 1129 fidei
1010 1087 1066 1130 ne-

58 1150 182 1214 minem
211 1150 365 1217 soriorem
394 1151 464 1216 fore
494 1151 651 1216 vindicem
679 1152 887 1236 ultoremque.
934 1152 1101 1238 Iamques

57 1259 128 1302 nox
153 1237 336 1323 adpetebat,
367 1259 439 1303 cum
461 1238 577 1303 Persae
603 1260 691 1305 mors
714 1239 809 1305 solito
832 1240 929 1304 armis
950 1242 1066 1324 positis

58 1326 104 1392 ad
125 1326 305 1391 necessaria
327 1347 365 1391 ex
385 1327 530 1410 proximo
553 1327 623 1391 vieo
644 1327 777 1391 ferenda
795 1326 985 1392 discurrunt.
1020 1328 1068 1393 At

57 1413 236 1497 Bactriani,
258 1417 295 1479 ut
316 1415 507 1498 imperatum
529 1414 665 1480 aBesso
688 1418 766 1500 erat,
788 1416 904 1479 armati
926 1416 1065 1480 stabant

4 1485 46 1549 33
57 1501 151 1566 Inter
176 1502 256 1566 haec
277 1502 401 1567 Dareus
427 1502 623 1566 Artabazum
650 1504 745 1567 acciri
767 1503 868 1587 iubet,
897 1503 1098 1588 expositis-r

59 1610 137 1675 que,
160 1611 241 1674 quae
263 1589 384 1655 Patron
406 1590 578 1675 detulerat,
599 1590 686 1654 haud
708 1591 854 1656 dubitare
876 1590 1065 1676 Artabazus,

59 1678 142 1761 quin
166 1678 399 1742 transeundum
425 1682 510 1742 esset
534 1679 569 1742 in
592 1682 697 1742 castra
718 1677 925 1744 Graecorum:
952 1677 1065 1744 Persas

58 1787 189 1850 quoque
219 1765 360 1850 periculo
391 1766 523 1850 vulgato
555 1770 727 1830 secuturos.
771 1765 958 1831 Destinatus
985 1767 1099 1836 sortis

58 1875 139 1917 suae
161 1856 196 1918 et
215 1853 280 1917 iam
302 1853 421 1917 nullius
444 1853 580 1917 salubris
599 1854 724 1918 consilii
741 1855 867 1936 patiens
886 1855 1013 1918 unicam
1030 1855 1066 1918 in

57 1941 121 2004 illa
145 1941 276 2005 fortuna
298 1962 390 2025 opem
412 1939 620 2024 Artabazum,
649 1941 797 2005 ultimum
817 1942 909 2005 illum
931 1942 1065 2026 visurus,

58 2029 265 2111 amplectitur
293 2029 504 2112 perfususque
533 2028 653 2092 mutuis
678 2028 818 2093 lacrimis
844 2029 1065 2094 inhaerentem

58 2116 125 2181 sibi
143 2117 235 2182 avelli
253 2117 356 2181 iubet:
378 2116 482 2200 capite
501 2115 614 2180 deinde
631 2117 745 2201 velato,
766 2137 808 2180 ne
825 2116 909 2181 inter
927 2117 1065 2202 gemitus

57 2204 293 2289 digredientem
315 2205 404 2268 velut
425 2226 445 2268 a
466 2224 546 2290 rogo
568 2204 759 2288 intueretur,
779 2205 815 2268 in
836 2205 970 2269 humum
992 2227 1065 2290 pro·

57 2314 140 2356 num
162 2313 278 2376 corpus
300 2292 425 2356 abiecit.
461 2291 543 2356 Tum
564 2313 639 2356 vero
662 2291 825 2357 custodiae
845 2294 912 2357 eius
931 2294 1099 2378 adsuetis

57 2401 142 2463 quos
169 2380 254 2465 regis
277 2381 412 2445 salutem
434 2380 485 2444 vel
506 2379 654 2463 perieulis
676 2381 760 2444 vitae
782 2380 865 2444 tueri
888 2382 1065 2466 oportebat,

58 2468 178 2552 dilapsi
200 2471 277 2532 sunt
296 2471 393 2553 metu,
415 2468 556 2548 armatis,
577 2489 658 2552 quos
679 2469 744 2532 iam
767 2469 939 2532 adventare
959 2468 1065 2532 crede·

58 2557 155 2640 bant,
189 2555 275 2620 haud
290 2618 292 2622 ,
305 2556 368 2620 rati
399 2577 433 2621 sc
463 2555 590 2620 futuros
619 2577 720 2639 pares.
772 2554 891 2639 Ingens
923 2575 1000 2639 ergo
1031 2556 1066 2617 in

58 2644 268 2709 tabernaculo
292 2643 430 2708 solitudo
454 2647 523 2708 erat
541 2645 651 2728 paucis
669 2642 873 2726 spadonibus,
895 2642 979 2726 quia,
1001 2663 1064 2726 quo

59 2731 268 2814 discederent,
288 2752 357 2795 non
377 2732 551 2815 habebant,
572 2730 851 2795 circumstantibus
869 2750 986 2814 regem.
1019 2729 1118 2800 Atro

58 2820 115 2883 ille
147 2819 277 2884 remotis
308 2819 436 2883 arbitris
467 2819 522 2883 diu
548 2819 634 2882 aliud
662 2821 757 2900 atque
784 2816 871 2880 aliud
897 2817 1066 2882 consilium

59 2907 170 2972 animo
201 2907 377 2972 volutabat.
426 2905 557 2989 Iamque
589 2906 806 2987 solitudinem,
842 2903 938 2988 q'uam
968 2906 1065 2989 paulo

59 2999 159 3058 antea
186 3016 246 3079 pro
273 2994 391 3060 solacio
422 2995 592 3078 petiverat,
622 3013 754 3076 perosus
780 2991 933 3057 Bubacen
958 2993 1066 3058 vocari

58 3083 159 3148 iubet.
204 3081 305 3158 Quem
331 3083 474 3166 intuens,
501 3080 585 3165 ‘Ite',
616 3081 733 3164 inquit,
765 3079 937 3144 ‘consulite
964 3081 1066 3165 vobis,
1085 3101 1117 3149 11

59 3171 102 3234 ad
121 3170 270 3235 ultimum
287 3171 356 3255 regi
373 3174 490 3253 vestro,
511 3173 549 3234 ut
566 3168 707 3251 decebat,
728 3167 789 3232 fide
807 3169 957 3232 exhibita
992 3166 1065 3253 Ego

59 3258 113 3322 hic
141 3259 246 3344 legem
271 3258 333 3322 fati
359 3258 422 3322 mei
448 3261 588 3341 expecto.
636 3255 786 3321 Forsitan
812 3256 948 3334 mireris,
980 3256 1065 3340 quod

59 3346 162 3410 vitam
179 3367 247 3411 non
264 3345 387 3410 finiam:
406 3346 511 3410 alieno
530 3345 646 3410 scelere
663 3365 760 3427 quam
777 3365 849 3408 meo
863 3343 945 3408 mori
958 3342 1065 3408 malo?

60 3431 140 3499 Post
173 3434 259 3500 hanc
293 3455 403 3500 vocem
439 3432 538 3516 spado
573 3432 695 3517 gemitu
725 3453 793 3496 non
823 3431 1065 3495 tabernaculum
1084 3450 1116 3498 12

59 3522 166 3606 modo,
188 3522 244 3587 sed
266 3520 364 3586 etiam
382 3525 487 3586 castra
504 3520 673 3604 conplevit.
707 3518 859 3602 Inrupere
878 3519 991 3582 deinde
1010 3518 1065 3583 alii

58 3610 271 3694 laceratisque
292 3610 434 3675 vestibus
456 3609 585 3694 lugubri
607 3611 640 3671 et
661 3607 796 3671 barbaro
815 3606 938 3670 ululatu
956 3626 1064 3690 regem
