2600 4096
204 199 267 264 168
573 201 604 265 Q.
624 152 733 255 CllItTl
750 200 837 256 RUFI

163 345 321 430 aquippe
347 365 386 408 ex
414 343 499 408 edito
526 346 637 408 monte
663 346 777 408 cuncta
803 349 1042 428 prospexerant
1090 345 1201 430 Itaque

202 437 331 517 postero
354 431 405 496 die
428 432 544 496 misere
566 432 690 515 legatos
714 431 754 496 ad
777 452 895 516 regem.
941 433 1027 509 Quos
1055 433 1111 498 ille
1133 456 1202 517 pro-

202 521 291 585 tinus
323 519 418 584 iussit
450 518 578 584 admitti
605 519 782 603 solutisque
813 520 922 586 fasciis
949 521 1205 607 magnitudinem

165 631 184 678 a
203 607 343 673 vulneris
366 607 573 671 dissimulans
596 628 669 671 crus
691 607 839 672 barbaris
862 610 1012 674 ostendit.
1049 609 1104 674 llli
1125 611 1205 676 iussi

203 695 367 778 considere
395 693 577 779 adfirmant,
602 716 669 759 non
694 695 885 761 Macedones
913 719 1009 781 quam
1034 697 1124 781 ipsos
1150 702 1203 764 tri·

205 785 319 848 stiores
337 782 438 847 fnisse
455 783 586 865 cognito
604 784 733 847 vulnere
751 783 867 869 ipsius,
885 784 975 849 cuius
995 784 1023 849 si
1041 790 1204 852 auctorem

168 894 183 941 r
203 869 431 955 repperissent,
458 870 620 935 dedituros
643 871 755 936 fuisse:
786 892 859 936 cum
881 871 930 937 dis
953 873 1039 937 enim
1060 895 1205 958 pugnare

205 959 380 1042 sacrilegos
393 961 528 1024 tantum.
566 957 716 1023 Ceterum
731 981 764 1024 se
782 964 912 1044 gentem
926 961 961 1024 in
977 961 1072 1026 fidem
1091 962 1204 1027 dedere

204 1051 371 1130 superatos
393 1047 512 1112 virtute
534 1047 631 1111 illius.
675 1046 745 1112 Rex
765 1047 828 1112 fide
852 1047 928 1112 data
945 1052 979 1113 et
996 1050 1134 1132 captivis
1158 1072 1205 1115 re-

168 1157 185 1205 s
205 1135 307 1218 ceptis
324 1137 453 1219 gentem
466 1135 501 1199 in
515 1134 707 1203 deditionem
721 1135 850 1220 accepit.
883 1133 1006 1201 Castris
1019 1137 1094 1202 inde
1108 1138 1204 1204 motis

203 1223 318 1288 lectica
339 1223 473 1288 militari
495 1222 671 1306 ferebatur,
694 1244 790 1306 quam
812 1245 871 1308 pro
895 1245 929 1288 se
953 1225 1088 1309 quisque
1109 1247 1204 1310 eques

202 1310 362 1396 pedesque
385 1310 491 1376 subire
519 1311 694 1376 certabant.
733 1310 882 1395 Equites,
910 1333 983 1377 cum
1005 1313 1126 1396 quibus
1150 1337 1206 1379 rex

202 1400 327 1484 proelia
349 1399 431 1464 inire
454 1399 568 1464 solitus
592 1403 675 1482 erat,
705 1400 754 1464 sui
777 1399 918 1464 muneris
944 1399 979 1464 id
1002 1421 1072 1465 esse
1099 1423 1206 1468 oense

203 1489 295 1553 bant:
322 1487 446 1571 pedites
475 1491 600 1570 contra,
626 1508 697 1551 cum
725 1488 849 1552 saucios
877 1489 1115 1555 commilitones
1142 1491 1205 1575 ipsi

203 1580 331 1662 gestare
354 1575 586 1657 adsuevissent,
608 1575 690 1659 eripi
707 1575 770 1640 sibi
791 1576 956 1659 proprium
975 1576 1117 1642 officium
1135 1581 1207 1642 tum

202 1664 421 1748 potissimum,
453 1684 525 1726 cum
557 1684 613 1727 rex
644 1663 817 1746 gestandus
850 1669 946 1748 esset,
980 1665 1206 1748 querebantur.

167 1774 184 1823 o
202 1753 273 1817 Rex
294 1753 328 1816 in
350 1755 443 1816 tanto
466 1751 632 1835 utriusque
657 1752 759 1833 partis
783 1752 956 1816 certamine
979 1755 1013 1817 et
1035 1752 1098 1820 sibi
1120 1754 1207 1819 diffi-

203 1842 297 1906 cilem
321 1844 354 1906 et
380 1838 563 1924 praeteritis
586 1859 715 1924 gravem
738 1839 928 1904 electionem
950 1839 1091 1905 futuram
1114 1846 1207 1908 ratus

203 1929 340 1994 invicem
363 1927 472 1992 subire
494 1949 549 1992 eos
571 1927 674 1992 iussit

145 2037 184 2084 ¹10
291 2015 375 2079 Hinc
395 2020 510 2099 quarto
533 2015 584 2080 dic
607 2015 647 2080 ad
669 2015 782 2078 urbem
799 2014 993 2080 Maracanda
1014 2019 1258 2100 perventum26

204 2106 253 2167 est
278 2139 315 2150 -
340 2120 411 2166 Lxx
434 2103 538 2167 stadia
560 2125 669 2167 murus
695 2103 785 2167 urbis
810 2105 1026 2187 amplectitur,
1054 2127 1112 2170 arx
1140 2106 1207 2171 alio

204 2190 344 2274 cingitur
366 2211 457 2253 muro
483 2226 521 2236 —
546 2213 583 2254 ac
605 2190 764 2273 praesidio
787 2192 876 2256 urbis
903 2191 1015 2256 relicto
1039 2193 1207 2276 proximos

203 2279 290 2343 vicos
315 2277 526 2361 depopulatur
548 2283 644 2360 atqua
667 2278 741 2342 urit.

143 2387 183 2434 :rr
290 2364 405 2450 Legati
433 2365 545 2430 deinde
567 2364 722 2430 Abiorum
747 2365 940 2450 Scytharum
967 2369 1209 2455 superueniunt,

202 2455 309 2539 liberi,
332 2476 370 2519 ex
388 2474 452 2538 quo
475 2454 655 2535 decesserat
673 2451 789 2537 (lyras,
811 2459 880 2519 tum
901 2457 1060 2539 imperata
1077 2457 1209 2523 facturi.

202 2543 401 2610 Iustissimos
424 2541 637 2606 barbarorum
659 2542 842 2606 constabat:
866 2543 963 2608 armis
989 2544 1210 2631 abstinebant,

201 2633 266 2698 nisi
291 2631 445 2698 lacessiti:
475 2631 635 2695 libertatis
662 2631 788 2695 modico
816 2633 849 2694 et
875 2632 1003 2715 aequali
1032 2654 1091 2697 usu
1117 2634 1210 2717 prin-

153 2741 184 2789 12
203 2721 327 2802 cipibus
349 2720 536 2784 humiliores
559 2741 653 2802 pares
676 2718 826 2784 fecerant.
866 2717 936 2784 Hos
958 2720 1096 2805 benigne
1118 2721 1211 2786 adlo-

205 2811 297 2871 cutus
322 2807 361 2870 ad
381 2828 434 2872 eos
454 2805 607 2890 Scythas,
630 2807 685 2891 qui
701 2805 865 2889 Europam
883 2808 1042 2892 incolunt,
1065 2808 1211 2876 Bardam

203 2894 359 2978 quendam
391 2895 480 2959 misit
511 2917 549 2959 ex
581 2895 691 2959 amicis
698 2943 707 2976 ,
743 2895 798 2977 qui
830 2895 1033 2961 denuntiaret
1063 2896 1132 2981 his,
1164 2919 1212 2963 ne

203 2982 329 3046 'l‘anain
352 3003 478 3046 amnem
500 2983 625 3047 iniussu
647 2981 733 3066 regis
755 2983 939 3048 transirent.
977 2983 1092 3048 Eidem
1115 3007 1211 3050 man-

203 3071 327 3152 datum,
350 3073 387 3133 ut
405 3071 675 3154 contemplaretur
696 3069 840 3135 locorum
859 3071 957 3136 situm
976 3074 1009 3135 et
1030 3073 1104 3136 illos
1127 3095 1212 3156 quo-

204 3180 264 3242 que
297 3156 448 3240 Scythas,
485 3159 540 3242 qui
576 3180 670 3242 super
700 3157 882 3242 Bosporum
919 3159 1042 3243 colunt,
1077 3160 1211 3228 viseret.

59 3244 67 3264 “
152 3269 184 3316 13
205 3245 395 3312 Condendae
423 3245 496 3309 urbi
524 3246 631 3311 sedem
661 3268 756 3329 super
777 3247 881 3330 ripam
905 3247 1026 3312 Tanais
1054 3248 1211 3334 elegerat,

204 3335 381 3400 claustrum
405 3337 438 3398 et
460 3334 525 3397 iam
547 3334 798 3416 perdomitorum
821 3337 854 3398 et
881 3339 960 3417 quot
982 3334 1094 3401 deinde
1117 3337 1212 3403 adire

204 3422 395 3488 decreverat.
440 3419 503 3486 Sed
526 3422 695 3486 consilium
720 3422 846 3487 distulit
869 3421 1103 3508 Sogdianorum
1125 3447 1212 3492 nun-

150 3533 185 3580 14
203 3512 286 3576 tiata
300 3510 445 3594 defectio,
464 3531 545 3595 quae
559 3509 747 3574 Bactrianos
767 3532 893 3594 quoque
911 3510 1020 3576 traxit.
1051 3530 1101 3576 vn
1115 3514 1214 3580 milia

204 3600 349 3684 equitum
364 3602 463 3682 erant,
482 3620 617 3683 quorum
632 3599 855 3662 auctoritatem
871 3601 967 3664 ceteri
982 3601 1211 3684 sequebantur.
