2600 4096
237 202 300 266 192
604 206 636 272 Q.
655 204 766 260 cuum
783 205 869 260 RUFI

234 347 335 431 deret,
369 371 432 433 quo
467 349 594 415 facilius
630 350 724 415 venia
759 350 809 414 illi
841 371 967 435 quoque
1000 350 1226 433 impetraretur.

182 445 215 494 31
235 435 450 502 Praemissum
477 438 579 520 igitur
605 437 747 503 Oxarten
775 459 848 502 cum
875 442 978 503 matre
1006 438 1177 521 liberisque
1197 442 1228 500 et

234 525 334 589 totius
358 526 558 610 cognationis
577 545 674 611 grege
694 527 900 610 sequebatur,
923 547 964 590 ne
983 530 1150 609 expectato
1169 525 1228 610 qui·

182 621 215 670 82
235 612 307 677 dem
341 614 417 684 fidei
447 613 596 697 pignore,
631 614 717 698 quod
750 614 884 679 Oxartes
916 614 1120 697 promiserat
1166 613 1228 678 Rex

235 702 342 785 equite
368 701 559 784 praemisso,
587 703 641 787 qui
664 703 781 766 reverti
809 723 863 767 eos
886 702 1012 766 iuberet
1034 702 1228 786 opperirique

233 789 451 871 praesentiam
482 790 597 875 ipsius,
631 790 816 874 supervenit
847 794 881 855 et
907 790 1046 855 victimis
1074 789 1228 854 Minervae

235 898 272 941 ac
294 876 459 942 Victoriae
487 877 588 943 caesis
615 878 784 961 imperium
807 875 983 943 Sisimithri
1010 879 1154 944 restituit
1180 899 1228 962 spe

235 963 367 1028 maioris
391 965 488 1030 etiam
510 967 695 1050 provinciae
716 966 812 1050 facta,
835 966 863 1030 si
887 988 957 1031 cum
980 966 1042 1030 fide
1062 967 1228 1032 amicitiam

182 1051 336 1134 suipsius
359 1053 520 1120 coluisset
565 1053 655 1120 Duos
682 1055 732 1119 illi
754 1055 884 1119 iuvenes
905 1058 998 1138 patre
1020 1055 1169 1120 tradente
1190 1075 1229 1118 se-

236 1161 307 1204 cum
329 1141 529 1209 militaturos
552 1144 641 1228 sequi
663 1143 767 1208 iussit.

182 1238 217 1288 ³4
322 1228 447 1295 Relicta
469 1231 582 1296 deinde
604 1231 764 1316 phalange
787 1230 828 1296 ad
847 1231 1040 1317 subigendos
1059 1229 1229 1315 Sogdianos,
1239 1231 1266 1294 10

235 1317 291 1400 qui
313 1317 508 1403 defecerant,
531 1341 603 1385 cum
626 1320 733 1404 equite
755 1320 920 1404 processit
965 1318 1114 1384 Arduum
1137 1323 1168 1384 et
1188 1320 1228 1383 in·

234 1405 377 1488 peditum
401 1408 486 1472 saxis
514 1409 578 1472 iter
604 1408 709 1491 primo
736 1412 909 1492 utcumque
935 1408 1136 1492 tolerabant,
1164 1428 1230 1472 mox

234 1515 388 1578 equorum
417 1517 483 1560 non
508 1496 638 1580 ungulis
669 1496 764 1560 modo
792 1497 929 1579 attritis,
963 1497 1018 1560 sed
1051 1497 1228 1580 corporibus

235 1583 334 1647 etiam
355 1582 503 1667 fatigatis
533 1584 624 1668 sequi
650 1583 795 1668 plerique
815 1606 881 1648 non
903 1587 1056 1666 poterant
1078 1589 1115 1650 et
1137 1586 1229 1648 rarius

235 1671 369 1736 subinde
394 1692 509 1756 agmen
531 1673 629 1737 fiebat
651 1672 818 1756 pudorem,
844 1675 881 1736 ut
902 1672 969 1736 fere
991 1673 1043 1755 fit,
1066 1673 1228 1737 immodico

183 1778 215 1827 so
234 1760 344 1825 labore
376 1760 532 1825 vincente.
579 1759 649 1825 Rex
675 1764 786 1826 tamen
815 1759 949 1824 subinde
981 1781 1079 1844 equos
1109 1765 1228 1826 mutans

236 1849 305 1913 sine
341 1848 576 1913 intermissione
612 1849 771 1933 fugientes
807 1848 1042 1932 insequebatur.
1103 1847 1228 1914 Nobiles

235 1938 365 2000 iuvenes
398 1937 545 2002 comitari
577 1959 649 2002 eum
681 1937 771 2002 soliti
798 1936 980 2001 defecerant
1008 1941 1140 2020 praeter
1165 1935 1228 2000 Phi·

235 2024 367 2106 lippum.
412 2025 597 2108 Lysimachi
619 2028 689 2090 erat
710 2024 823 2106 frater,
850 2030 919 2088 tum
945 2024 1086 2108 primum
1112 2024 1228 2090 adultus

182 2127 216 2176 aa
236 2116 280 2192 et,
304 2111 388 2194 quod
410 2112 504 2177 facile
528 2113 709 2198 adpareret,
734 2113 852 2177 indolis
875 2134 976 2177 rarae.
1018 2111 1051 2177 Is
1073 2114 1172 2196 pedes
1193 2147 1227 2158 —

235 2198 420 2263 incredibile
440 2200 527 2265 dictu
548 2237 585 2247 —
607 2224 665 2285 per
685 2219 710 2266 ι)
734 2201 838 2266 stadia
859 2204 985 2265 vectum
1007 2222 1119 2286 regem
1142 2199 1227 2265 comi·

234 2289 323 2351 tatus
354 2291 418 2371 est,
454 2309 549 2372 saepe
581 2310 697 2373 equum
730 2311 822 2354 suum
854 2289 1006 2353 offerente
1032 2287 1227 2372 Lysimacho,
1281 2358 1282 2366 χ

233 2395 293 2439 neo
306 2378 436 2459 tamen,
459 2380 496 2440 ut
517 2376 737 2462 digrederetur
760 2400 779 2442 a
801 2398 891 2463 rege,
914 2377 997 2441 effici
1019 2378 1142 2461 potuit,
1165 2396 1227 2442 cun
1281 2369 1282 2449 l

181 2482 216 2532 8⁷
233 2463 334 2529 lorica
354 2464 484 2528 indutus
507 2487 603 2530 arma·
620 2469 771 2550 gestaret
816 2464 918 2547 Idem,
945 2487 1016 2529 cum
1045 2469 1227 2548 perventum

235 2556 321 2618 esset
338 2553 372 2618 in
390 2555 518 2639 saltum,
539 2555 572 2618 in
591 2576 653 2638 quo
673 2576 706 2619 se
724 2553 856 2619 barbari
874 2551 1076 2636 abdiderant,
1094 2553 1228 2619 nobilem
1280 2579 1281 2659 q

235 2642 335 2706 edidit
361 2663 505 2728 pugnam
533 2662 705 2726 regemque
728 2642 905 2706 comminus
928 2663 1001 2705 cum
1028 2641 1124 2706 hoste
1146 2639 1227 2705 dimi·

182 2745 216 2795 38
235 2733 360 2794 cantem
374 2732 525 2813 protexit
566 2729 628 2796 Sed
641 2734 813 2814 postquam
828 2729 1004 2794 barbariin
1018 2729 1131 2814 fugam
1145 2726 1228 2793 effusi
1279 2789 1280 2806 ,

235 2816 401 2881 deseruere
420 2819 528 2900 silvas,
552 2820 686 2901 animus,
709 2819 764 2902 qui
787 2819 822 2883 in
844 2818 956 2882 ardore
976 2838 1103 2902 pugnae
1124 2835 1227 2900 corpus
1279 2815 1280 2867 l

235 2907 485 2990 sustentaverat,
516 2908 612 2991 liquit
644 2907 813 2990 subitoque
841 2928 879 2970 ex
907 2906 1056 2970 omnibus
1084 2903 1228 2970 membris

235 2990 365 3074 profuso
394 2993 508 3059 sudore
536 2996 660 3061 arboris
688 2996 852 3078 proximae
880 2994 985 3077 stipiti
1013 3015 1046 3058 se
1075 2992 1227 3078 adplicuit
1278 3047 1279 3076 ,

182 3101 215 3149 39
236 3079 358 3143 Deinde
380 3102 421 3144 ne
443 3082 500 3145 illo
524 3083 652 3166 quidem
676 3082 869 3147 adminiculo
889 3083 1069 3147 sustinente
1088 3080 1228 3147 manibus

236 3168 320 3250 regis
348 3173 498 3251 exceptus
527 3175 590 3254 est,
616 3173 701 3236 inter
727 3193 805 3256 quas
834 3171 1004 3254 conlapsus
1031 3169 1227 3256 extinguitur.

183 3275 217 3323 40
235 3255 395 3320 Maestum
421 3277 530 3340 regem
555 3260 637 3324 alius
659 3259 745 3325 haud
768 3259 848 3324 levis
871 3258 964 3323 dolor
989 3259 1122 3342 excepit.
1163 3253 1227 3321 Eri-
1277 3261 1278 3284 ³

236 3343 328 3428 gyius
355 3346 439 3409 inter
462 3345 564 3411 claros
587 3348 682 3413 duces
705 3348 823 3413 fuerat:
846 3368 940 3430 quem
964 3347 1142 3412 extinctum
1165 3361 1226 3408 esse

235 3432 331 3514 paulo
364 3437 451 3514 ante,
488 3456 584 3519 quam
614 3440 828 3502 reverteretur
858 3436 892 3500 in
925 3440 1045 3520 castra,
1077 3431 1226 3522 cognovit

235 3518 409 3605 Utriusque
432 3522 527 3587 funus
551 3525 638 3587 omni
661 3528 819 3608 apparatu
842 3527 938 3608 atque
958 3522 1082 3589 honore
1101 3522 1226 3589 celebra·

235 3611 304 3671 tum
328 3614 383 3673 est.
