2600 4096
489 886 537 987 Q.
563 884 754 970 OURTI
788 883 939 968 RUFI

587 1038 838 1096 HISTORIARUM

353 1202 790 1302 ALEXANDRI
830 1200 1077 1299 MAGNI

567 1392 858 1460 MACEDONIS

619 1550 728 1604 urana
745 1549 805 1606 vn.

651 1693 728 1758 Cur.
750 1692 775 1758 I.

178 1837 191 1885 1
298 1820 454 1887 Philotan
485 1818 569 1884 sicut
599 1817 781 1882 recentibus
808 1816 939 1882 sceleris
971 1816 1040 1881 eius
1067 1815 1236 1902 vestigiisl

212 1915 283 1978 iure
303 1910 464 1974 adfectum
488 1905 647 1991 supplicio
670 1908 861 1970 censuerant
883 1904 1017 1988 milites,
1043 1905 1104 1989 iu,
1129 1908 1210 1989 post

213 2020 310 2084 quam
332 1997 471 2062 desierat
493 2017 575 2079 esse,
598 2016 691 2078 quem
715 1993 870 2077 odissent,
895 1992 1016 2058 invidia
1037 1993 1072 2057 in
1093 1993 1213 2058 miseri·

177 2100 194 2148 a
213 2085 355 2151 cordiam
376 2085 481 2149 vertit.
525 2083 672 2148 Moverat
699 2086 731 2146 et
758 2082 888 2146 claritas
911 2081 1034 2146 iuvenis
1058 2085 1092 2146 et
1113 2082 1212 2165 patris

178 2175 283 2238 seius
301 2175 450 2236 senectus
470 2175 566 2253 atque
589 2171 722 2236 orbitas.
761 2168 888 2235 Primus
909 2169 1023 2234 Asiam
1047 2173 1214 2254 aperuerat

213 2261 297 2344 regi:
321 2259 464 2325 omniurn
486 2258 701 2341 periculorum
724 2258 792 2324 eius
814 2257 976 2342 particeps
995 2279 1124 2342 semper
1142 2259 1215 2323 alte-

212 2372 285 2415 rum
307 2349 342 2412 in
364 2348 432 2414 acie
460 2367 558 2411 eomu
584 2345 783 2425 defenderat,
810 2345 961 2431 Philippo
989 2367 1117 2431 quoque
1143 2350 1215 2411 ante

214 2459 325 2505 omnes
353 2436 475 2502 amicus
503 2439 537 2500 et
562 2434 626 2518 ipsi
651 2433 834 2514 Alexandro
859 2439 928 2498 tam
955 2433 1051 2519 fidus,
1078 2437 1116 2499 ut
1137 2435 1215 2500 occi·

179 2528 308 2596 4dendi
330 2525 479 2591 Attalum
501 2544 567 2588 non
593 2522 657 2587 alio
680 2523 829 2588 ministro
852 2522 901 2587 uti
923 2523 1044 2588 mallet.
1092 2521 1218 2588 Horum

215 2616 371 2702 cogitatio
394 2613 524 2680 subibat
546 2611 718 2676 exercitum
737 2611 973 2694 seditiosaeque
990 2631 1084 2676 voces
1102 2610 1217 2676 refere-

214 2705 332 2769 bantur
350 2703 390 2767 ad
408 2722 526 2787 regem.
563 2698 641 2775 Quis
658 2700 714 2764 illo
733 2699 819 2764 haud
842 2720 919 2763 sane
942 2703 1050 2764 motus
1074 2700 1218 2783 satisque

215 2791 369 2874 prudens,
401 2791 460 2855 otii
486 2789 566 2855 vitia
590 2787 723 2873 negotio
752 2788 882 2872 discuti,
909 2787 1016 2871 edicit,
1043 2791 1081 2852 ut
1107 2809 1218 2853 omnes
1291 2779 1292 2868 ᾗ

183 2880 252 2943 cin
278 2879 437 2943 vestibulo
465 2879 573 2962 regiae
600 2880 729 2960 praesto
757 2877 831 2942 sint.
877 2876 964 2952 Quos
992 2875 1049 2940 ubi
1070 2875 1219 2959 frequen«

215 2971 264 3031 tes
297 2966 409 3031 adesse
441 2966 605 3052 cognovit,
634 2965 669 3029 in
700 2964 881 3029 contionem
908 2965 1074 3048 processit
1122 2962 1219 3028 Haud
1291 2975 1292 3040 3

215 3054 311 3119 dubie
330 3076 368 3118 ex
386 3054 554 3138 conposito
572 3053 744 3117 Atharrias
763 3053 925 3136 postulare
944 3052 1062 3137 eoepit,
1083 3055 1120 3116 ut
1133 3051 1220 3134 Lyn-

216 3147 320 3209 cestes
334 3141 523 3221 Alexander,
541 3142 595 3225 qui
614 3142 716 3205 multo
735 3143 810 3205 ante
829 3163 927 3226 quam
943 3138 1090 3205 Philotas
1108 3161 1221 3222 regem

181 3230 373 3296 evoluisset
400 3229 555 3307 occidere,
587 3229 797 3294 exhiberetur.
842 3229 873 3293 A
899 3228 1023 3294 duobus
1050 3228 1222 3312 indicibus,

217 3321 301 3384 siout
318 3340 416 3402 supra
434 3317 580 3400 diximus,
603 3317 727 3382 delatus
744 3316 876 3381 tertium
894 3317 961 3382 iam
980 3339 1099 3382 annum
1117 3320 1222 3384 custo·

217 3408 364 3472 diebatur
386 3406 422 3470 in
438 3406 586 3470 vinculis.
626 3403 773 3469 Eundem
789 3405 824 3469 in
840 3403 984 3489 Philippi
1007 3426 1133 3490 quoque
1151 3428 1221 3470 cae·

216 3496 290 3560 dem
312 3495 496 3561 coniurasse
520 3515 592 3558 cum
613 3491 776 3558 Pausania
797 3515 856 3577 pro
884 3497 1037 3579 conperto
1063 3493 1139 3578 fuit,
1165 3495 1223 3560 sed

218 3584 294 3672 quia
315 3584 438 3669 primus
461 3581 680 3651 Alexandrum
698 3603 808 3668 regem
827 3582 1039 3668 salutaverat,
1062 3582 1222 3668 supplicio
