2552 4108
238 221 492 278 marcanaon
510 224 724 280 1111111111
742 224 793 294 iv,
813 231 838 279 1.
857 231 882 280 a.
1022 223 1063 289 31

23 369 144 431 cant.
189 365 231 430 In
257 366 380 432 Libano
402 389 534 452 ‘quoque
561 367 706 433 Arabum
737 370 880 454 agrestes
909 369 1065 453 inconpo-

23 457 138 520 sitos
173 453 365 520 Macedonas
402 457 507 522 adorti
542 475 613 522 xxx
645 457 713 521 fere
747 457 945 523 interficiunt
979 458 1066 524 baud

25 543 262 628 paucioribus
286 545 398 628 captis,

481 701 559 768 (lar.
581 702 639 769 HI

144 807 196 872 Ila
217 831 269 874 res
293 809 512 873 Alexandrum
535 809 674 874 dividere
697 811 805 895 copias
828 811 934 896 coligit
956 813 1001 895 et,
1021 832 1096 882 ne1

31 897 199 982 segniter
226 897 369 962 adsidere
396 899 452 960 uni
480 899 551 961 urbi
573 899 747 982 videretur,
779 900 867 983 operi
890 900 1064 964 Perdiccan

31 985 277 1068 Crateronque
303 984 470 1070 praefecit:
502 987 571 1069 ipse
599 1008 671 1051 cum
694 989 840 1071 expedita
862 1010 960 1053 manu
982 987 1063 1052 Ara·

29 1075 144 1138 biam
167 1075 270 1156 petiit.

1 1163 20 1225 2
145 1160 235 1226 Inter
256 1163 336 1226 haec
354 1161 443 1244 Tyrii
464 1184 579 1227 navem
601 1163 823 1248 magnitudine
844 1165 959 1228 eximia
978 1166 1097 1235 saxiae

31 1251 240 1333 harenaque
273 1273 292 1314 a
323 1250 424 1334 puppi
455 1254 634 1335 oneratam,
669 1253 716 1315 ita
742 1255 779 1315 ut
804 1253 940 1316 multum
966 1276 1063 1336 prora

35 1339 220 1420 emineret,
241 1338 398 1402 bitumine
423 1359 459 1402 ac
482 1340 634 1422 sulphure
655 1339 783 1403 inlitam
804 1341 899 1404 remis
923 1343 1062 1406 concita-

34 1430 172 1490 xerxmt
195 1430 240 1510 et,
269 1447 341 1490 cum
364 1447 516 1512 magnam
538 1429 604 1492 vim
625 1429 713 1492 venti
740 1429 812 1492 vela
835 1450 960 1511 quoque
987 1451 1062 1494 con·

38 1515 226 1598 cepissent,
249 1515 392 1578 celeriter
415 1515 455 1578 ad
478 1517 594 1580 molem
613 1517 778 1580 successit:
799 1519 869 1580 tum
884 1538 981 1600 prora
995 1519 1097 1587 eiusa

38 1624 191 1666 accensa
222 1604 359 1688 remiges
392 1603 546 1668 desiluere
576 1605 613 1667 in
639 1605 788 1688 scaphas,
824 1626 905 1688 quae
933 1605 974 1668 ad
1000 1604 1062 1669 hoc

39 1692 162 1774 ipsum
197 1695 406 1773 praeparatae
440 1691 663 1774 sequebantur.
715 1691 816 1756 Navis
848 1696 956 1757 autem
987 1693 1062 1777 igne

40 1782 212 1862 concepto
235 1780 331 1844 latius
353 1779 485 1844 fundere
505 1779 688 1844 incendium
707 1781 821 1864 coepit,
844 1781 937 1863 quod,
960 1782 1062 1863 prius-

44 1889 153 1951 quam
175 1871 287 1950 posset
309 1869 445 1949 occurri,
471 1871 575 1931 turres
599 1873 631 1930 et
654 1871 758 1931 cetera
782 1890 879 1951 opera
901 1870 936 1931 in
959 1869 1062 1952 capite

42 1955 151 2019 molis
169 1956 276 2037 posita
294 1955 532 2039 conprehendit.
565 1954 611 2018 At
630 1957 684 2038 qui
702 1956 894 2020 desiluerant
911 1957 946 2020 in
963 1979 1062 2040 parva
1081 1979 1098 2026 4

44 2043 199 2127 navigia,
230 2043 318 2108 faces
348 2047 393 2126 et,
425 2043 578 2126 quidquid
608 2044 722 2108 alendo
751 2045 820 2130 igni
847 2048 957 2128 aptum
985 2050 1063 2130 erat,

45 2131 85 2194 in
121 2130 234 2194 eadem
263 2154 360 2214 opera
389 2131 549 2216 ingerunt.
593 2130 725 2216 Iamque
756 2155 825 2198 non
855 2134 951 2198 modo
982 2135 1064 2199 imae

46 2217 270 2284 Macedonum
299 2223 419 2302 turres,
448 2220 504 2283 sed
533 2221 630 2284 etiam
660 2243 784 2285 summa
812 2222 959 2286 tabulata
989 2244 1063 2286 con-

50 2311 210 2390 ceperant
231 2309 350 2393 ignem,
373 2329 445 2372 cum
467 2308 500 2392 ii,
522 2309 577 2391 qui
598 2309 633 2372 in
655 2311 798 2374 turribus
822 2313 923 2393 erant,
944 2311 1063 2393 partim

48 2394 264 2460 haurirentur
293 2396 454 2478 incendio,
485 2397 604 2480 partim
633 2398 730 2462 armis
759 2398 884 2462 omissis
914 2399 949 2461 in
975 2421 1063 2462 mare

52 2487 160 2547 semet
194 2484 257 2567 ipsi
292 2485 499 2548 inmitterent.
556 2483 602 2548 At
632 2485 736 2569 Tyrii,
771 2487 825 2569 qui
862 2507 974 2568 capere
1008 2505 1098 2554 eost

53 2593 154 2654 quam
181 2572 358 2636 interficere
380 2575 526 2654 mallent,
557 2575 739 2637 natantium
762 2595 876 2637 manus
900 2573 1063 2655 stipitibus

53 2661 206 2743 saxisque
233 2660 430 2744 lacerabant,
462 2660 562 2725 donec
590 2660 748 2725 debilitati
778 2661 898 2742 inpune
925 2661 1063 2745 navigiis

53 2749 161 2832 excipi
183 2753 323 2831 possent.
367 2746 436 2814 Nec
457 2749 604 2813 incendio
628 2751 732 2814 solum
751 2770 847 2832 opera
865 2753 1098 2834 consumptae

55 2837 112 2899 sed
146 2837 230 2900 forte
262 2837 372 2901 eodem
405 2837 455 2900 die
486 2838 705 2902 vehementior
730 2841 844 2900 ventus
872 2841 995 2901 motum
1025 2859 1064 2902 ex

54 2925 220 3005 profundo
246 2947 333 2989 mare
359 2925 462 2989 inlisit
487 2925 522 2988 in
549 2927 679 3003 molem,
711 2925 892 3009 crebrisque
914 2926 1064 2990 fluctibus

58 3031 221 3098 conpages
249 3013 354 3096 operis
377 3014 562 3077 verberatae
584 3014 731 3076 laxavere
753 3033 785 3078 se
807 3036 944 3098 saxaque
967 3015 1064 3078 inter-

57 3098 160 3166 fluens
192 3101 278 3165 unda
304 3101 443 3165 medium
471 3123 551 3183 opus
577 3101 673 3184 rupit.
721 3100 867 3167 Prorutis
894 3104 993 3187 igitur
1018 3103 1098 3171 117

59 3188 171 3268 pidum
193 3190 337 3272 cumulis,
360 3190 475 3272 quibus
493 3189 610 3252 iniecta
624 3194 711 3254 terra
724 3191 950 3274 sustinebatur,
973 3213 1065 3273 prae-

61 3295 134 3360 ceps
157 3277 192 3341 in
215 3278 408 3360 profundum
430 3279 504 3359 ruit,
525 3280 698 3361 tantaeque
726 3280 819 3342 molis
845 3279 898 3343 vix
925 3280 991 3342 11111
1012 3300 1064 3343 ve-

16 3354 52 3418 13
63 3365 157 3450 stigia
183 3365 307 3430 invenit
337 3366 459 3429 Arabia
485 3364 610 3429 rediens
637 3367 828 3430 Alexander.
876 3365 951 3450 Hic,
980 3365 1065 3449 quod

61 3449 95 3514 in
124 3454 265 3519 adversis
294 3454 390 3518 rebus
418 3455 501 3518 solet
527 3453 611 3536 fieri,
643 3456 724 3518 alius
751 3456 785 3518 in
813 3455 910 3518 alium
938 3455 1064 3537 culpam

62 3539 255 3626 referebant,
281 3564 353 3606 cum
377 3564 487 3606 omnes
510 3542 614 3605 verius
637 3543 675 3607 de
699 3543 831 3607 saevitia
854 3543 951 3606 maris
975 3542 1065 3624 queri

62 3635 200 3708 possent.
243 3629 313 3694 Rex
339 3631 416 3695 novi
443 3629 547 3713 operis
574 3632 692 3694 molem
719 3653 810 3696 orsus
839 3631 875 3694 in
897 3631 1098 3698 adversane
