2600 4096
216 201 282 266 214
583 202 615 268 Q·
635 201 744 259 CURTI
761 203 846 258 RUFI

637 396 718 464 (lar.
739 397 795 466 XI.

180 533 196 584 1
302 521 387 587 Hinc
413 520 612 605 Polypercon
634 523 675 586 ad
696 523 809 587 urbem
831 519 954 587 Noram
977 543 1050 588 cum
1071 521 1237 588 exercitubt

213 611 330 676 missus
352 608 533 675 inconditos
551 609 728 693 oppidanos
749 610 873 693 proelio
895 611 986 676 vicit:
1008 611 1095 676 intra
1111 610 1195 676 muni·

214 703 322 763 menta
346 697 518 782 conpulsos
546 700 672 763 secutus
699 698 811 763 urbem
838 699 872 762 in
899 697 1056 764 dicionem
1081 699 1196 782 redegit

179 786 318 850 enula
339 785 498 870 ignobilia
520 785 638 868 oppida
661 785 787 851 deserta
809 808 829 851 a
851 786 917 850 suis
938 807 1054 851 venere
1076 787 1110 852 in
1124 787 1196 870 regis

213 876 416 958 potestatem.
470 872 612 949 Quorum
638 874 762 938 incolae
789 874 907 938 armati
936 879 1064 959 petram
1089 875 1197 940 Aornin

213 961 342 1026 nomine
369 965 612 1045 occupaverunt.
660 961 752 1026 Hanc
778 961 819 1026 ab
845 960 985 1027 Hercule
1011 963 1130 1028 frustm
1152 961 1197 1027 ob

101 1087 110 1099 ·
214 1071 338 1114 sessum
352 1071 434 1114 esse
461 1052 629 1135 terraeque
655 1054 745 1114 motu
772 1055 919 1115 coactum
946 1051 1103 1116 absistere
1125 1051 1198 1115 fama

180 1151 196 1199 a
213 1136 410 1221 vulgaverat
444 1136 578 1221 Inopem
595 1137 722 1203 consilii
739 1138 965 1222 Alexandrum,
984 1139 1061 1222 quia
1077 1138 1198 1222 undique

214 1246 368 1310 praeceps
390 1229 424 1291 et
446 1226 584 1309 abrupta
605 1247 701 1310 rupes
720 1229 798 1310 erat,
820 1227 926 1292 senior
942 1227 1075 1312 quidam
1091 1227 1199 1313 peritus

215 1314 357 1380 locorum
389 1335 460 1379 cum
494 1312 615 1379 duobus
643 1315 726 1379 filiis.
751 1313 845 1397 adiit,
876 1315 904 1379 si
931 1315 1072 1399 pretium
1098 1333 1202 1398 operae

180 1415 197 1464 4
216 1405 308 1486 esset,
326 1402 448 1470 aditum
466 1423 502 1466 se
518 1405 772 1467 monstraturum
790 1423 861 1468 esse
877 1402 1081 1487 promittens.
1118 1419 1204 1468 nxxx

214 1491 336 1555 talenta
371 1490 541 1556 constituit
576 1489 725 1555 daturum
760 1489 944 1556 Alexander
979 1493 1012 1555 et
1043 1491 1142 1556 altero
1171 1511 1205 1554 ex

213 1578 383 1644 iuvenibus
402 1577 513 1643 obside
530 1580 657 1642 retento
675 1578 780 1663 ipsum
798 1579 840 1643 ad
852 1579 1044 1664 exequenda,
1062 1600 1141 1663 quae
1156 1578 1205 1643 ob

160 1739 162 1744 ,
180 1678 196 1728 5
214 1667 344 1751 tulerat,
361 1666 493 1731 dimisit.
523 1664 654 1730 Leviter
671 1668 805 1732 armatis
821 1667 884 1731 dux
898 1666 991 1733 datus
1005 1671 1056 1732 est
1069 1667 1206 1752 Mylleas,

215 1755 320 1820 scriba
336 1755 431 1840 regis.
475 1752 545 1820 Hos
565 1754 652 1818 enim
670 1755 813 1839 circuitu,
831 1777 893 1840 quo
910 1755 1063 1820 fallerent
1080 1756 1207 1836 hostem,

179 1857 196 1905 o
214 1843 250 1906 in
272 1865 431 1908 summum
458 1843 570 1927 iugum
592 1842 740 1926 placebat
767 1844 907 1909 evadere.
955 1843 1053 1908 Petra
1074 1865 1150 1923 non,
1173 1845 1207 1906 ut

213 1932 395 2016 pleraeque,
417 1930 551 1996 modicis
575 1951 611 1995 ac
634 1931 785 1996 mollibus
808 1931 899 1996 clivis
917 1931 952 1996 in
970 1931 1108 1996 sublime
1124 1930 1207 1996 fasti·

214 2018 303 2103 gium
322 2019 444 2102 crescit,
468 2019 575 2083 sedin
597 2021 702 2083 metae
720 2020 858 2083 maxime
880 2019 1010 2084 modum
1030 2023 1135 2085 erecta
1156 2022 1209 2098 est,

214 2105 303 2170 cuius
329 2105 396 2170 ima
422 2106 617 2189 spatiosiora
643 2112 731 2191 sunt,
758 2108 873 2172 altiora
898 2109 933 2171 in
960 2107 1061 2172 artius
1090 2110 1208 2188 coeunt,

180 2207 339 2259 'esumma
368 2193 403 2257 in
430 2197 558 2259 acutum
587 2216 738 2259 cacumen
765 2199 934 2280 exurgunt.
982 2193 1119 2262 Radices
1145 2196 1208 2260 eius

213 2281 312 2347 Indus
340 2281 443 2347 amnis
467 2282 567 2365 subit,
589 2284 765 2366 praealtus,
789 2283 953 2367 utrimque
975 2284 1100 2366 asperis
1122 2283 1209 2366 ripis:

215 2371 256 2436 ab
283 2369 385 2435 altera
406 2372 500 2453 parte
522 2371 693 2454 voragines
718 2371 897 2456 eluviesque
919 2376 1110 2456 praeruptae
1132 2373 1209 2436 sunt

178 2471 195 2522 8
214 2457 282 2526 Nee
309 2459 374 2525 alia
400 2458 602 2544 expugnandi
625 2460 759 2543 patebat
784 2460 850 2539 via,
877 2480 974 2545 quam
997 2463 1034 2524 ut
1055 2460 1209 2544 repleren-

213 2555 275 2615 tur.
314 2548 367 2613 Ad
385 2568 519 2613 manum
540 2547 623 2612 silva
647 2551 723 2632 erat,
745 2569 842 2631 quam
862 2569 920 2612 rex
938 2547 986 2612 ita
1003 2547 1094 2612 caedi
1110 2547 1210 2629 iussit,

213 2641 251 2702 ut
271 2638 350 2702 nudi
372 2635 500 2720 stipites
521 2634 709 2720 iacerentur,
731 2636 848 2720 quippe
871 2635 954 2700 rami
973 2635 1087 2701 fronde
1104 2633 1210 2702 vestiti

212 2724 411 2809 inpedissent
441 2724 592 2789 ferentes.
638 2721 712 2807 Ipse
744 2726 867 2807 primus
893 2726 1041 2788 truncam
1067 2724 1209 2789 arborem

213 2812 291 2877 iecit
308 2812 490 2896 clamorque
509 2812 675 2896 exercitus,
697 2811 792 2876 index
810 2812 999 2897 alacritatis,
1020 2816 1147 2878 secutus
1166 2814 1211 2876 est

179 2900 302 2965 anullo
326 2899 521 2965 detrectante
543 2922 672 2985 munus,
701 2899 786 2985 quod
808 2922 864 2964 rex
886 2903 1083 2984 occupasset.
1126 2890 1250 2966 Intralt

214 2988 388 3074 septimum
416 2986 498 3052 diem
522 3009 674 3053 cavernas
698 2988 916 3072 expleverant,
942 3011 1014 3053 cum
1035 3010 1093 3054 rex
1116 2987 1208 3072 sagit

213 3077 313 3142 tarios
342 3077 375 3140 et
402 3073 564 3159 Agrianos
592 3077 683 3141 iubet
708 3097 765 3160 per
792 3076 891 3140 ardua
917 3077 991 3141 niti:
1021 3077 1208 3160 iuvenesque

164 3177 195 3228 lo
213 3162 472 3248 promptissimos
505 3185 543 3228 ex
574 3186 633 3230 sua
664 3163 794 3242 cohorte
825 3182 896 3230 xxx
928 3165 1056 3249 delegit.
1110 3164 1208 3230 Duces

213 3252 265 3317 his
292 3251 361 3316 dati
388 3254 465 3315 sunt
486 3249 609 3317 Charus
633 3257 666 3318 et
687 3252 882 3330 Alexander,
910 3273 1005 3337 quem
1032 3274 1088 3318 rex
1114 3248 1209 3319 nomi·

213 3339 279 3424 nis,
302 3338 386 3425 quod
410 3339 471 3404 sibi
494 3359 566 3404 cum
589 3361 626 3405 eo
650 3362 816 3407 commuue
834 3345 933 3426 esset,
956 3341 1133 3408 admonuit
1165 3337 1209 3404 Au

214 3427 332 3512 primo,
359 3428 435 3513 quia
461 3430 531 3492 tam
557 3427 763 3494 manifestum
789 3429 967 3512 periculum
995 3435 1079 3516 erat,
1110 3431 1207 3514 ipsum

164 3529 194 3579 11
214 3536 323 3603 regem
351 3516 521 3581 discrimen
548 3515 655 3580 subire
680 3538 746 3582 non
772 3517 904 3600 placuit:
936 3516 992 3582 sed
1022 3522 1060 3583 ut
1086 3519 1207 3604 signum

215 3605 294 3669 tuba
316 3604 427 3667 datum
455 3606 517 3688 est,
543 3603 593 3668 vir
615 3603 765 3669 audaciae
788 3608 957 3689 promptae
980 3627 1149 3671 conversus
1169 3599 1207 3668 ad
