2600 4096
237 207 302 272 216
608 206 640 272 Q.
659 205 770 262 GURTI
786 207 871 262 aum

184 363 217 414 22
236 351 305 417 Rex
332 351 483 435 Balacro,
513 352 568 436 qui
600 351 831 434 specularetur,
861 350 1040 434 praemisso
1068 348 1217 434 cognoscit

236 443 361 524 petram
378 441 458 525 fuga
474 437 627 504 Indorum
646 461 716 505 esse
734 439 903 504 desertam.
939 438 1022 502 Tum
1039 437 1113 502 dato
1131 437 1217 520 signo,
1278 507 1279 510 Ἴ

236 533 274 594 ut
294 529 436 594 universi
458 527 708 610 conclamarent,
729 527 930 610 inconposite
952 526 1144 611 fugientibus
1164 545 1217 590 me
1278 521 1279 543 ¹

183 628 218 678 28
236 622 306 682 tum
328 616 479 682 incussit:
512 615 682 700 multique,
703 618 868 699 tamquam
890 615 1018 680 adesset
1038 613 1152 696 hostis,
1173 633 1219 696 per

236 705 360 771 lubrica
378 726 455 769 saxa
469 725 589 788 perque
603 704 707 768 invias
721 708 810 769 cotes
823 703 1028 786 praecipitati
1046 700 1220 779 occiderunt,

236 795 345 877 plures
373 791 480 875 aliqua
506 792 723 867 membrorum
754 795 844 874 parte
871 792 1005 856 mulcati
1031 792 1073 856 ab
1100 788 1220 872 integris

183 893 219 943 24
238 880 357 946 deserti
376 884 460 944 sunt.
493 879 564 946 Rex
581 881 724 945 locorum
742 879 846 963 magis
864 901 960 963 quam
977 879 1119 945 hostium
1133 877 1221 942 victer

236 974 346 1034 tamen
379 987 515 1052 magnae
552 969 703 1033 victoriae
733 969 858 1050 specim
889 967 1054 1032 sacrificiis
1085 971 1119 1033 et
1147 964 1222 1030 cultu

238 1056 332 1121 deum
361 1056 448 1121 fecit
501 1055 587 1121 Arae
620 1057 654 1120 in
685 1060 778 1139 petra
808 1057 932 1120 locatae
963 1061 1039 1120 sunt
1074 1054 1222 1120 Mineruae

183 1157 218 1206 25
237 1144 471 1230 victoriaeque.
523 1143 666 1210 Ducibus
697 1145 834 1223 itineris,
866 1165 930 1229 quo
962 1143 1070 1208 subire
1098 1142 1224 1208 iusserat

237 1233 352 1298 leviter
378 1234 533 1314 armatos,
564 1233 625 1298 etsi
652 1233 820 1316 promissis
847 1231 974 1297 minora
999 1230 1223 1315 praestiterant,

237 1323 377 1406 pretium
400 1342 472 1386 cum
494 1321 555 1385 fide
578 1320 739 1386 redditum
762 1324 824 1404 est,
846 1324 958 1402 petrae
979 1319 1180 1406 regionisque
1199 1314 1223 1378 ei

238 1410 407 1476 adiunctae
431 1407 594 1474 Sisocosto
618 1410 721 1474 tutela
742 1409 909 1492 permissa.

650 1547 728 1614 Car.
749 1547 824 1613 XII.

204 1685 219 1735 1
323 1672 403 1738 Inde
421 1674 578 1757 processit
595 1672 763 1738 Ecbolima
781 1673 822 1755 et,
839 1692 911 1738 cum
930 1673 1095 1758 angustias
1113 1667 1224 1737 itineris

238 1761 378 1829 obsideri
395 1779 444 1826 xx
461 1762 591 1826 milibus
614 1764 810 1826 armatorum
834 1760 875 1825 ab
892 1759 987 1825 Erice
1009 1761 1147 1846 quodam
1164 1778 1224 1822 eon-

237 1852 388 1936 perisset,
423 1851 552 1934 gravius
585 1867 701 1932 agmen
732 1849 889 1913 exercitus
921 1846 1028 1913 Coeno
1061 1847 1224 1913 ducendum

203 1937 372 2003 amodicis
395 1938 564 2003 itineribus
586 1936 728 2002 tradidit.
768 1935 841 2019 Ipse
863 1956 1071 2021 praegressus
1088 1935 1180 2018 perf
1215 1965 1224 1976 ·

238 2027 360 2090 ditores
373 2046 411 2090 ac
425 2025 612 2110 sagittarios
627 2024 814 2108 deturbatis,
833 2025 887 2108 qui
901 2024 1094 2090 obsederant
1111 2025 1225 2100 saltum,

203 2127 220 2174 3
239 2113 445 2196 sequentibus
464 2135 497 2178 se
515 2113 616 2196 copiis
638 2113 724 2176 viam
740 2112 826 2177 fecit
865 2111 948 2194 Indi,
966 2112 1034 2177 sive
1055 2113 1128 2177 odio
1146 2108 1224 2176 ducis

239 2200 307 2265 siva
333 2201 470 2285 gratiam
493 2201 624 2265 victoris
646 2200 772 2284 inituri,
795 2199 911 2265 Ericen
932 2200 1111 2285 fugientem
1132 2194 1225 2264 adorti

238 2290 469 2353 interemerunt
498 2293 655 2372 caputque
686 2289 754 2353 eius
787 2292 883 2372 atque
915 2310 1004 2353 arma
1033 2289 1074 2352 ad
1102 2288 1224 2352 Alexan·

239 2377 331 2442 drum
354 2376 544 2442 detulerunt.
588 2375 648 2441 Ille
670 2375 756 2440 facto
779 2376 995 2460 inpunitatem
1017 2376 1118 2460 dedit,
1139 2376 1225 2440 hono

238 2485 307 2532 rem
333 2465 503 2552 denegavit
525 2464 679 2548 exemplo.

202 2566 221 2616 4
326 2554 410 2620 Hine
433 2554 473 2618 ad
494 2552 612 2618 flumen
633 2551 749 2618 Indum
771 2553 1012 2618 sextisdecumis
1035 2552 1148 2618 castris
1165 2556 1261 2635 per-ll

238 2644 327 2710 venit
349 2643 534 2726 omniaque,
556 2646 594 2706 ut
615 2644 828 2724 praeceperat,
852 2640 893 2706 ad
914 2640 1126 2706 traiciendum
1146 2659 1226 2724 prae

203 2735 353 2814 oparata
385 2731 425 2796 ab
456 2729 698 2813 Hephaestione
728 2729 879 2812 repperit.
931 2728 1105 2812 Regnabat
1134 2729 1167 2794 iu
1194 2746 1227 2790 ea

238 2819 369 2902 regione
397 2816 545 2904 Omphis,
577 2817 632 2902 qui
658 2818 745 2900 patri
771 2837 896 2901 quoque
921 2816 1028 2882 fuerat
1055 2821 1164 2882 auctor
1184 2813 1228 2876 de·

240 2906 335 2970 dendi
355 2925 490 2988 regnum
513 2906 696 2971 Alexandro
720 2910 753 2970 et
774 2909 849 2988 post
870 2909 1008 2969 mortem
1030 2906 1171 2988 parentis
1191 2902 1229 2964 le·

240 2997 335 3080 gatos
354 2993 494 3078 miserat,
514 2995 568 3078 qui
587 2994 791 3058 consulerent
808 3015 890 3075 eum,
906 3013 1042 3078 regnare
1060 3015 1095 3058 se
1109 2989 1228 3058 interim

204 3093 221 3143 6
240 3083 338 3148 vellet
356 3102 399 3146 an
416 3082 578 3164 privatum
600 3081 739 3166 opperiri
758 3081 825 3146 eius
845 3081 1025 3146 adventum.
1063 3080 1228 3146 Permissu-

240 3192 314 3255 que,
349 3173 386 3233 ut
420 3174 585 3255 regnaret,
619 3192 685 3236 non
720 3173 830 3235 tamen
860 3169 910 3234 ius
943 3169 1053 3234 datum
1086 3185 1228 3250 usurpare

240 3257 401 3323 sustinuit.
435 3256 469 3322 Is
486 3257 624 3340 benigne
638 3257 765 3342 quidem
779 3261 947 3340 exceperat
960 3255 1229 3340 Hephaestionem,

240 3346 418 3430 gratuitum
434 3344 632 3410 frumentum
651 3345 751 3430 copiis
771 3345 837 3410 eius
857 3344 1037 3429 admensus,
1054 3367 1121 3410 non
1132 3349 1229 3409 tamen

241 3433 271 3498 ei
298 3438 493 3517 occurrerat,
518 3455 559 3498 ne
586 3434 681 3498 fidem
708 3433 805 3498 ullius
831 3433 897 3498 nisi
923 3433 1011 3517 regis
1030 3433 1228 3518 experiretur.

18 3603 19 3612 ἵ
205 3519 355 3607 ultaque
376 3520 519 3587 venienti
541 3521 670 3587 obviarn
693 3543 765 3586 cum
785 3523 910 3586 armato
934 3521 1078 3586 exercitu
1094 3537 1229 3606 egressus

18 3613 22 3720 l
241 3612 305 3694 eat,
333 3609 497 3692 elephanti
524 3628 648 3691 quoque
675 3629 734 3691 per
759 3609 885 3674 modica
910 3607 1079 3673 intervalla
1101 3608 1230 3672 militum

18 3723 20 3734 ι

18 3739 20 3758 l
