2582 4098
224 219 478 275 HISTORIARUM
494 219 709 274 ALEXANDRI
725 218 776 287 IV,
796 225 837 273 13.
858 225 899 275 14.
1022 218 1064 282 69

31 368 182 448 petent,
206 363 292 428 haud
315 363 430 428 dubius
453 364 522 428 sine
544 385 629 429 noxa
650 367 899 446 aanseursuros,
922 362 950 427 si
970 384 1064 427 nemo

34 475 76 516 se
106 455 308 535 opponeret:
338 452 389 516 sin
411 455 517 516 autem
540 453 608 515 sine
630 452 758 515 fremitu
777 451 987 534 immisissent,
1010 473 1064 515 eos

33 541 114 624 ipsi
141 541 286 604 clamore
309 543 466 604 terrerent
487 540 681 624 pavidosque
699 561 797 623 equos
815 540 887 603 telis
906 539 1065 621 utrimque

35 627 264 692 suffoderent.
296 626 358 702 Qui
375 629 524 692 cornibus
542 631 719 711 praeerant,
738 628 905 692 extendere
924 649 961 691 ea
977 627 1064 710 iussi,
1083 647 1117 696 34

36 718 94 780 ita
131 719 174 780 ut
207 737 265 780 neo
297 716 611 800 circumvenirentur,
648 717 674 780 si
706 717 806 780 artius
838 718 972 798 starent,
1006 736 1066 779 nec

39 809 170 868 tamen
200 804 285 868 ultra
311 804 441 868 modum
468 805 567 868 aciem
594 804 800 869 exinanirent.
844 803 1065 887 Inpedimenta
1083 821 1118 872 36

41 915 128 956 cum
154 892 304 975 captivis,
333 893 418 955 inter
441 914 521 975 quos
543 895 644 956 mater
665 892 819 976 liberique
842 891 939 959 Darei
962 895 1065 956 custo·

42 981 243 1063 diebantur,
272 980 359 1044 haud
388 980 498 1063 procul
527 981 593 1044 acie
619 982 654 1044 in
682 981 767 1044 edito
795 981 876 1044 colle
899 979 1067 1044 constituit

45 1068 187 1132 modico
215 1068 373 1150 praesidio
401 1068 521 1133 relicto.
565 1067 704 1132 Laevum
732 1090 844 1151 coma,
874 1069 956 1132 sieut
978 1068 1066 1151 alias,

46 1155 270 1220 Parmenioni
291 1156 444 1220 tuendum
469 1156 594 1220 datum:
617 1157 685 1240 ipse
708 1156 742 1219 in
764 1156 875 1221 dextro
897 1157 1013 1220 stabat.

147 1241 302 1308 Nondum
332 1243 372 1307 ad
401 1245 519 1309 iactum
547 1245 604 1308 teli
632 1246 855 1327 pervenerant,
883 1265 955 1308 oum
982 1243 1067 1308 Bion
1084 1264 1118 1313 36

48 1331 193 1415 quidam
215 1331 399 1416 transfuga,
422 1337 542 1416 quanto
565 1333 704 1396 maximo
727 1353 822 1396 cursu
844 1334 1002 1414 potuerat,
1025 1331 1066 1396 ad

47 1439 170 1503 regem
201 1421 347 1502 pervenit
377 1421 544 1505 nuntians,
576 1421 711 1484 murices
740 1419 859 1484 ferreos
886 1420 921 1482 in
947 1422 1066 1483 terram

50 1507 220 1571 defodisse
238 1506 388 1592 Dareum,
411 1530 474 1592 qua
495 1510 620 1572 hostem
643 1508 764 1592 equites
787 1508 976 1572 emissurum
996 1528 1066 1570 esse

51 1595 220 1679 credebat,
241 1599 452 1680 notatumque
475 1600 561 1661 certo
586 1597 679 1681 signo
701 1597 814 1679 locum,
836 1599 873 1659 ut
894 1595 981 1658 fraus
1003 1595 1065 1658 evi·

51 1683 123 1746 tari
156 1705 176 1746 a
208 1684 273 1748 suis
305 1688 422 1767 posset.
467 1684 640 1748 Adservari
666 1684 835 1768 transfuga
861 1684 948 1748 iusso
971 1683 1065 1746 duces
1084 1699 1113 1752 31

54 1774 232 1835 convocat:
264 1773 482 1856 expositoque,
513 1772 597 1855 quod
626 1773 809 1836 nuntiatum
836 1774 917 1853 erat,
948 1774 1065 1853 monet,

55 1863 97 1922 ut
129 1859 293 1943 regionem
323 1863 536 1924 monstratam
568 1859 728 1924 declinent
757 1861 957 1943 equitemque
985 1859 1065 1941 peri·

56 1947 169 2010 culum
191 1947 353 2011 edoceant.

10 2035 46 2098 52
152 2033 299 2098 Ceterum
316 2035 499 2098 hortantem
518 2035 672 2098 exercitus
691 2035 838 2098 exaudire
856 2056 923 2099 non
940 2038 1068 2118 poterat
1085 2055 1118 2106 38

58 2143 157 2186 usum
183 2123 308 2186 aurium
333 2122 555 2205 intercipiente
580 2122 710 2186 fremitu
736 2123 871 2187 duorum
893 2123 1067 2208 agminum.

62 2209 128 2273 Sed
151 2211 186 2273 ia
213 2213 384 2293 conspectu
411 2211 553 2274 omnium
580 2210 674 2274 duces
702 2215 734 2275 et
757 2212 936 2294 proximum
959 2233 1066 2296 quem-

63 2318 127 2382 que
148 2298 376 2381 interequitans
400 2298 636 2381 adloquebatur.

472 2454 549 2521 One.
572 2455 659 2521 XIV.

156 2558 316 2624 ‘Emensis
349 2563 399 2625 tot
425 2564 527 2625 terras
554 2562 589 2624 in
616 2584 705 2645 spem
730 2563 897 2645 victoriae,
933 2563 971 2626 de
1003 2584 1099 2646 quar

67 2647 278 2712 dimicandum
314 2647 412 2731 foret,
451 2649 513 2713 hoc
553 2671 652 2713 unum
688 2671 852 2733 superesse
888 2651 1065 2716 discrimen.

69 2735 236 2799 Granicum
264 2736 316 2800 hic
344 2757 470 2800 amnem
500 2734 689 2822 Ciliciaeque
720 2741 846 2801 montes
878 2741 911 2801 et
939 2736 1065 2821 Syriam

68 2825 308 2908 Aegyptumque
343 2825 618 2906 praetereuntibus
653 2829 778 2908 raptas,
817 2826 962 2911 ingentia
998 2827 1067 2911 spei

70 2911 245 2996 gloriaeque
262 2911 479 2995 incitamenta,
496 2913 661 2977 referebat.
690 2912 911 2997 Reprehensos
931 2936 969 2978 ex
987 2915 1066 3000 fuga
1084 2936 1099 2983 2

70 2999 178 3063 Persas
200 3003 407 3083 pugnaturos,
431 3001 505 3083 quia
526 3001 635 3084 fugere
657 3022 724 3065 non
745 3005 884 3085 possent.
923 3003 1066 3067 Tertium

71 3088 135 3150 iam
159 3086 238 3150 diem
265 3090 352 3151 metu
375 3107 548 3172 exangues,
579 3088 675 3151 armis
698 3090 763 3152 suis
786 3093 934 3155 oneratos
957 3091 992 3154 in
1014 3114 1066 3157 eo·

73 3175 141 3238 dem
168 3175 301 3259 vestigio
332 3176 471 3240 haerere.
519 3174 652 3239 Nullum
681 3177 909 3260 desperationis
937 3180 1066 3244 illorum

73 3262 168 3326 maius
192 3262 345 3327 indicium
373 3285 455 3346 esse,
487 3285 582 3347 quam
609 3264 693 3346 quod
720 3266 828 3350 urbes,
860 3266 944 3350 quod
971 3288 1065 3352 agros

76 3371 145 3414 suos
163 3355 302 3433 urerent,
325 3351 477 3435 quidquid
499 3373 565 3414 non
588 3353 811 3438 corrupissent,
832 3353 974 3419 hostium
997 3377 1065 3420 esse

77 3437 207 3502 confessi.
252 3437 394 3503 Nomina
419 3439 514 3503 modo
542 3461 626 3504 vana
652 3442 796 3525 gentium
818 3443 1003 3527 ignotarum
1024 3463 1099 3512 nea

78 3525 316 3590 extimescerent:
338 3548 441 3610 neque
460 3527 545 3591 enim
564 3528 603 3591 ad
622 3528 698 3592 belli
714 3530 883 3594 discrimen
898 3532 1064 3615 pertinere,

79 3613 128 3698 qui
147 3614 181 3677 ab
202 3614 241 3678 iis
260 3612 396 3698 Scythae
419 3617 512 3698 quive
530 3613 660 3681 Cadusii
682 3619 925 3702 appellarentur.
962 3618 1011 3682 Ob
1032 3619 1065 3682 id
1083 3639 1100 3687 4
