2600 4096
193 153 255 218 178
560 152 590 219 Q.
610 152 719 208 GURTI
737 153 823 209 RUFI

190 297 276 362 batis
303 299 420 363 acriter
446 297 559 382 pedem
584 298 701 362 inferre
729 301 910 380 coeperunt.
955 297 1112 382 Equitum
1138 298 1186 362 de·

190 386 264 452 inde
282 390 416 471 turmae,
436 408 517 469 quae
535 386 679 451 frenatos
696 386 861 451 habebant
880 406 991 470 equos,
1010 386 1189 470 perfregere

190 475 399 540 barbarorum
419 475 533 540 aciem:
555 475 685 539 interim
702 476 801 540 ceteri
820 474 947 560 agmine
971 475 1191 539 dimicantium

139 575 171 623 11
190 565 269 628 tecti
288 568 439 648 aptavere
458 584 491 627 sa
509 583 645 647 pugnae.
675 561 750 646 Ipse
768 585 833 646 rex,
852 563 936 646 quod
953 563 1076 648 vigoris
1095 584 1190 647 aegro
1284 630 1285 663 ,

190 651 294 717 adhuc
317 651 442 735 corpori
465 650 586 729 decrat,
609 651 708 716 animi
724 651 878 717 firmitate
897 652 1078 734 supplebat.
1119 650 1191 716 Vox
1284 673 1285 696 ι

191 740 393 806 adhortantis
421 760 487 803 non
508 743 636 823 poterat
658 738 761 804 audiri
782 741 925 805 nondum
948 740 1029 804 benc
1052 738 1192 805 obducta

139 839 171 887 12
191 829 338 893 cicatrice
354 828 494 910 cervicis,
513 828 568 892 sed
588 828 791 892 dimicantem
810 828 917 892 cuncti
930 828 1091 892 videbant.
1128 826 1194 892 Ita·

189 937 250 1001 que
277 915 341 1001 ipsi
368 916 495 1000 quidem
522 917 638 980 ducum
664 915 883 1001 fungebantur
908 915 1015 981 officio
1047 916 1193 1000 aliusque

191 1005 290 1069 alium
320 1004 483 1070 adhortati
511 1004 545 1068 in
573 1004 701 1070 hostem
728 1004 842 1070 salutis
868 1005 1072 1069 immemores
1099 1026 1193 1068 ruere

137 1095 371 1176 resceperunt
411 1092 494 1156 Tum
512 1113 587 1157 vero
609 1113 675 1157 non
697 1115 763 1172 cra,
784 1114 851 1158 non
872 1114 972 1176 arma,
989 1114 1056 1158 non
1074 1093 1193 1157 clamo·

189 1203 258 1246 rem
275 1180 419 1246 hostium
434 1181 566 1246 barbari
579 1181 719 1246 tolerare
736 1184 911 1265 potuerunt
924 1201 1098 1264 omnesque
1117 1181 1193 1245 effu·

191 1269 235 1334 sis
252 1268 385 1334 habenis
403 1306 440 1317 -
456 1291 594 1354 namque
609 1270 766 1354 equestris
781 1270 865 1334 acies
880 1273 1004 1333 erat-
1020 1273 1194 1352 capessunt
1285 1305 1286 1320 ι

189 1358 310 1443 fugam.
344 1357 431 1434 Quos
448 1379 517 1442 rex,
539 1378 734 1442 quamquam
751 1358 953 1423 vexationem
971 1357 1105 1422 invalidi
1124 1378 1192 1423 cor-

189 1447 276 1531 poris
295 1447 365 1530 pati
383 1467 448 1511 non
467 1449 608 1529 poterat,
631 1467 687 1528 per
702 1463 799 1510 dxxx
816 1449 925 1510 tamen
944 1445 1048 1510 stadia
1066 1445 1193 1530 insequi

136 1545 172 1593 14
190 1535 413 1618 perseveravit.
457 1533 589 1617 Iamque
612 1534 775 1618 linquente
798 1534 905 1598 animo
929 1535 995 1598 suis
1017 1535 1194 1618 praecepit,

189 1628 237 1701 ut,
267 1623 368 1688 donec
394 1623 475 1687 lucis
503 1622 623 1706 aliquid
651 1627 844 1705 superesset,
870 1622 1063 1706 fugientium
1089 1623 1191 1706 tergis

189 1713 404 1794 inhaererent3
427 1710 684 1795 ipsc‚exhaustis
708 1711 806 1774 ctiam
828 1710 927 1774 animi
949 1710 1071 1775 viribus
1089 1710 1125 1774 in
1143 1732 1192 1776 car

137 1809 170 1858 15
190 1805 259 1866 stra
277 1823 311 1864 se
328 1800 450 1883 recepit
463 1799 572 1883 ibique
593 1798 746 1862 substitit
782 1798 991 1862 Transierant
1003 1799 1069 1862 iam
1083 1797 1192 1863 Liberi

188 1887 294 1953 Patris
330 1888 502 1971 terminos,
537 1908 672 1971 quorum
704 1889 911 1951 monumenta
941 1886 1066 1970 lapides
1100 1891 1192 1951 erant

189 1977 292 2042 crebri
307 1977 484 2040 intervallis
499 1976 649 2059 dispositi
668 1974 860 2060 arboresque
878 1995 1038 2059 procerae,
1055 1996 1191 2058 quarum

136 2075 170 2122 16
189 2064 282 2148 stipit
284 2085 317 2128 es
268 2063 454 2127 thedera
472 2066 665 2130 contexerat.
706 2061 767 2127 Sed
785 2061 977 2128 Macedonas
996 2063 1045 2127 ira
1062 2063 1191 2148 longius

188 2152 492 2304 distichiis
498 2151 1191 2390 ,tibitibiatttriti

189 2327 271 2410 abeg
250 2347 334 2392 ‹r.ere
385 2324 577 2392 Ceciderunt
605 2331 660 2392 aut
661 2350 712 2392 em
738 2326 949 2392 Macedonum
981 2327 1190 2411 equitesnx,

188 2416 314 2501 pedites
337 2432 357 2481 c
379 2416 459 2500 fere,
482 2416 571 2480 mille
594 2417 693 2481 saucii
717 2415 853 2481 fuerunt

136 2515 170 2564 11
275 2505 365 2569 Haec
384 2504 543 2588 expeditio
561 2503 708 2568 deficient
694 2507 760 2568 tem
777 2525 896 2588 magna
914 2526 953 2569 ex
971 2508 1064 2588 parte
1078 2505 1188 2570 Asiam
1198 2506 1235 2571 38

187 2594 275 2660 fama
297 2598 367 2658 tam
389 2599 589 2678 opportunae
611 2593 764 2658 victoriae
782 2592 915 2657 domuit.
955 2592 1098 2658 Invictos
1117 2590 1189 2677 Scy·

187 2683 261 2747 thas
289 2704 360 2747 esse
385 2683 598 2747 crediderant:
630 2682 746 2766 quibus
773 2678 884 2746 fractis
910 2681 1033 2746 nullam
1061 2684 1189 2766 gentem

188 2769 398 2834 Macedonum
425 2772 523 2834 armis
550 2791 661 2854 parem
688 2769 756 2833 fore
785 2770 1028 2834 confitebantur.
1076 2769 1189 2854 Itaque

189 2856 288 2922 Sacae
309 2859 425 2923 misere
448 2859 537 2944 legat
539 2880 574 2922 os
579 2857 666 2942 ,qui
687 2856 915 2941 pollicerentur
938 2859 1101 2942 gentem
1090 2879 1190 2941 rmpe-

137 2956 169 3005 18
188 2948 260 3010 rata
225 2944 355 3009 ttfac
341 2949 456 3010 t.uram
505 2947 650 3011 Moverat
679 2967 734 3011 cos
761 2945 846 3030 regis
868 2967 933 3011 non
951 2946 1054 3010 virtus
1077 2946 1191 3030 magis,

189 3055 284 3119 quam
312 3034 512 3098 clementia
502 3057 537 3099 m
559 3035 663 3098 deviet
665 3055 700 3098 cs
724 3031 876 3118 Scythas.
906 3034 1023 3118 quippe
1046 3035 1190 3118 captivos

189 3143 298 3187 omnes
332 3121 400 3186 sine
431 3123 535 3205 pretio
567 3123 751 3205 remiserat,
782 3124 820 3186 nt
850 3122 945 3185 fidem
976 3122 1098 3187 faceret
1129 3122 1189 3187 sibi

188 3231 260 3274 cum
286 3209 493 3274 ferocissimis
521 3212 667 3295 gentium
695 3210 733 3273 de
760 3209 962 3294 fortitudine,
988 3231 1054 3275 non
1081 3211 1190 3276 deira

136 3308 169 3358 19
188 3296 288 3361 fuisse
311 3302 480 3363 certamen.
520 3298 664 3383 Benigne
686 3299 786 3383 igitur
809 3299 950 3383 exceptis
970 3296 1124 3363 Sacarum
1145 3299 1189 3363 le-

188 3385 273 3469 gatis
301 3387 451 3452 comitem
473 3387 646 3469 Elpinicon
667 3386 762 3471 dedit,
785 3386 888 3452 adhuc
912 3386 1085 3452 admodum
1107 3389 1191 3452 iuve-

187 3493 274 3557 nem,
309 3476 424 3540 aetatis
451 3475 530 3539 flore
557 3475 764 3540 conciliatum
795 3474 871 3559 sibi,
904 3476 958 3560 qui
986 3496 1057 3540 cum
1085 3474 1192 3560 specie

187 3562 330 3644 corporis
354 3568 508 3646 aequaret
525 3561 807 3648 Hephaestionem,
829 3563 859 3627 ei
881 3564 990 3646 lepore
1007 3563 1097 3628 haud
1114 3583 1192 3629 sane
