2582 4098
220 205 264 272 84
589 206 620 274 Q.
640 205 852 264 0111111111

170 372 205 422 14
222 351 267 416 111
297 373 369 417 cum
395 353 538 417 vetustas
565 371 631 415 non
658 372 757 434 opera
783 352 887 417 solum
913 353 1131 439 manufacta,
1164 360 1213 419 sed

221 440 317 504 etiam
334 440 437 523 ipsam
455 442 603 503 naturam
620 439 776 522 paulatim
794 440 955 504 exedendo
972 441 1118 525 perimat,
1139 441 1212 508 haec

219 528 335 612 moles,
362 548 443 613 quae
469 529 521 590 tot
543 526 692 590 arborum
714 527 874 593 radicibus
896 529 1053 611 premitur
1073 530 1213 612 tantique

219 615 359 681 nemoris
382 613 521 699 pondere
544 618 677 679 onerata
698 617 761 698 est,
788 615 945 680 inviolata
967 615 1074 700 durat,
1102 617 1213 701 quippe

219 723 266 768 xx
286 705 379 786 pedes
404 702 464 766 lati
486 702 626 785 parietes
649 702 823 787 sustinent,
852 720 888 767 xl
910 702 1027 786 pedum
1048 704 1213 770 intervallo

221 792 392 874 distantes,
424 792 461 854 ut
491 790 603 875 procul
629 790 806 855 virentibus
834 790 934 855 silvae
959 792 1125 858 montibus
1154 794 1213 858 suis

168 900 202 950 11
220 879 375 942 inminere
393 876 570 942 videantur.
601 875 714 961 Syriae
730 897 840 962 regem
852 876 1018 962 Babylone
1030 884 1214 964 regnantem

220 966 281 1030 hoc
284 986 385 1067 opus
408 987 478 1030 esse
500 965 648 1031 molitum
666 965 838 1029 memoriae
855 966 1019 1049 proditum
1032 972 1091 1051 est,
1113 989 1214 1033 amore

221 1053 366 1138 coniugis
388 1053 516 1138 victum,
539 1075 620 1137 quae
643 1053 800 1118 desiderio
817 1075 985 1119 nemorum
1004 1055 1214 1139 silvarumque

220 1142 254 1206 in
289 1142 521 1225 campestribus
556 1141 777 1206 locisvirum
811 1141 957 1224 conpulit
991 1144 1214 1208 amoenitatem

219 1231 354 1294 naturae
377 1249 491 1314 genere
513 1228 608 1293 huius
631 1229 736 1311 operis
759 1228 890 1293 imitari.

170 1339 201 1388 11
306 1316 473 1381 Diutius
463 1339 498 1382 1n
523 1316 584 1381 hac
609 1316 689 1380 urbe
712 1338 808 1401 quam
824 1337 965 1418 usquam
987 1318 1136 1383 constitit
1158 1315 1236 1401 regi

219 1427 278 1470 nec
306 1406 370 1470 alio
397 1405 468 1470 loco
492 1403 679 1487 disciplinae
700 1403 784 1468 milit
770 1405 833 1468 1111
855 1405 959 1489 magis
980 1406 1107 1471 nocuit:
1076 1407 1215 1471 tnihil

220 1493 308 1558 urbis
332 1494 400 1557 eius
423 1494 604 1574 corruptius
626 1492 782 1575 moribus,
804 1491 886 1555 nihil
908 1492 948 1555 ad
970 1492 1214 1559 inritandasin·

169 1602 201 1651 11
220 1581 435 1664 liciendasque
456 1580 632 1644 inmodicas
652 1578 842 1662 cupiditates
859 1579 1056 1645 instructius.
1086 1581 1214 1647 Liberos

221 1671 435 1754 coniugesque
462 1689 534 1732 cum
559 1667 741 1749 hospitibus
769 1670 880 1750 stupro
904 1667 1003 1752 coire,
1031 1668 1129 1735 modo
1152 1691 1214 1753 pre-

218 1758 300 1821 tium
323 1756 437 1842 flagitii
455 1755 556 1840 detur,
578 1757 728 1838 parentes
744 1755 914 1839 maritique
931 1756 1106 1838 patiuntur.
1140 1756 1215 1823 Gon-

219 1845 339 1909 vivales
366 1845 434 1908 ludi
459 1846 530 1908 tota
551 1842 681 1906 Perside
708 1842 837 1926 regibus
863 1845 1108 1929 purpuratisque
1134 1845 1215 1910 cordi

220 1936 303 2015 sunt,
325 1930 498 2015 Babylonii
519 1931 657 1996 maxime
679 1930 714 1993 in
736 1931 844 1994 vinum
867 1934 908 2014 et;
931 1952 1012 2015 quae
1031 1932 1215 1997 ebrietatem

168 2041 201 2090 11
221 2022 410 2120 sequuntur,
428 2019 520 2083 effusi
543 2022 627 2083 sunt
659 2017 862 2081 Feminarum
880 2018 1026 2082 convivia
1042 2019 1215 2085 ineuntium

219 2107 254 2170 in
275 2105 432 2189 principio
454 2105 616 2170 modestus
639 2108 689 2169 111
710 2105 853 2189 habitus,
883 2105 955 2170 dein
978 2128 1104 2172 summa
1127 2130 1215 2193 quae·

221 2215 281 2278 que
309 2192 445 2256 amicula
471 2196 592 2256 exuunt
617 2194 835 2277 paulatimque
861 2193 1015 2276 pudorem
1022 2194 1215 2298 profanant

221 2282 262 2345 ad
293 2280 515 2344 ultimum-
546 2279 651 2345 honos
681 2280 810 2345 auribus
841 2279 1046 2346 habitust
1004 2282 1046 2346 sit

221 2389 391 2452 corporum
417 2369 598 2433 velamenta
623 2369 790 2452 proiciunt.
767 2365 907 2433 tNec
933 2370 1136 2435 meretricum
1157 2304 1216 2435 lineo

220 2456 355 2523 dedecus
378 2459 437 2540 est,
459 2456 515 2521 sed
535 2459 755 2520 matronarum
776 2456 1013 2554 virginumque,
1034 2459 1119 2542 apud
1142 2480 1215 2544 quas

168 2568 201 2617 11
220 2548 319 2612 comit
320 2568 355 2611 as
304 2544 524 2611 thabetur
553 2545 677 2630 vulgati
708 2545 849 2627 corporis
876 2543 993 2609 vilitas.
1027 2544 1117 2611 11111
1144 2548 1216 2612 haec

220 2635 319 2720 flagit
310 2657 343 2698 11
370 2634 526 2698 exercitus
552 2633 607 2696 ille
635 2631 774 2697 domitor
800 2629 898 2695 Asiae
924 2654 981 2715 per
1007 2651 1128 2699 xxxrm
1156 2635 1215 2699 dies

221 2724 387 2806 saginatus
415 2721 455 2786 ad
483 2743 534 2804 ea,
563 2741 643 2803 quae
670 2720 896 2804 sequebantur,
927 2719 1109 2786 discrimina
1135 2720 1216 2787 haud

221 2809 316 2874 dubie
339 2808 474 2874 debilior
495 2808 621 2873 futurus
643 2807 719 2890 tuit,
742 2807 769 2871 si
791 2807 917 2872 hostem
938 2807 1115 2875 habuisset

310 2893 458 2960 Ceterum
484 2918 547 2981 quo
570 2895 675 2960 minus
699 2857 850 2958 damnum
873 2896 1018 2979 sentiret,
1047 2896 1216 2961 identidem
1263 2959 1264 2982 3

169 3007 203 3055 40
222 2985 417 3049 incremento
453 2984 677 3048 renovabatur.
729 2981 873 3066 Namque
903 2982 1061 3066 Amyntas
1094 2985 1216 3049 Andro·
1263 2985 1264 3064 y

221 3073 307 3136 meni
335 3072 375 3136 ab
398 3071 574 3155 Antipatro
595 3070 806 3135 Macedonum
831 3071 973 3154 peditum
996 3089 1033 3136 11
1052 3073 1142 3138 milia
1168 3071 1215 3137 ad·
1263 3067 1264 3152 1

169 3183 201 3231 41
222 3161 325 3243 duxit,
356 3178 381 3224 n
408 3162 573 3242 praeterea
594 3159 735 3223 eiusdem
762 3159 887 3244 generis
909 3160 1044 3244 equites,
1075 3181 1146 3224 cum
1169 3159 1215 3224 his

221 3265 267 3314 Dc
285 3248 428 3312 Thracas
452 3247 608 3310 adiunctis
630 3246 792 3330 peditibus
816 3267 891 3312 suae
914 3248 1018 3332 gentis
1040 3265 1079 3312 111
1092 3248 1214 3313 milibus
1263 3271 1264 3274 ¹

221 3355 246 3401 n
267 3339 300 3400 et
322 3357 360 3400 ex
382 3335 602 3417 Peloponneso
625 3335 861 3400 mercennarius
884 3336 976 3399 miles
1000 3334 1041 3399 ad
1063 3353 1114 3401 nn
1130 3335 1215 3399 milia
1263 3407 1264 3418 ,

170 3445 203 3494 41
224 3423 395 3488 advenerat
426 3444 497 3487 cum
526 3424 697 3506 nongentis
724 3423 889 3508 octogiuta
915 3423 1085 3507 equitibus.
1132 3423 1215 3487 Idem

223 3513 384 3595 Amyntas
416 3511 591 3575 adduxerat
620 3527 642 3573 n
667 3511 848 3594 principum
873 3509 1077 3576 Macedoniae
1102 3511 1214 3574 liberos

224 3601 351 3665 adultos
374 3597 415 3663 ad
437 3598 615 3664 custodiam
637 3599 793 3681 corporis:
817 3599 935 3683 quippe
956 3599 1039 3662 inter
1057 3595 1215 3681 epulasbi
