2602 4094
284 216 538 272 HISTORIARUM
556 215 769 270 ALEXANDRl
785 215 823 282 X,
844 222 867 269 7.
886 219 911 271 8.
1031 213 1095 277 281

91 361 271 446 armatique
294 362 531 446 conpleverant.
573 359 635 426 Sed
657 361 771 444 ingens
794 382 853 425 sua
875 363 990 445 sponte
1011 369 1131 423 mae-e

91 450 184 515 stitia
219 450 355 516 ultimae
391 445 623 533 desperationis
657 449 753 513 index
789 453 860 512 erat
896 448 1097 531 suspectique

90 539 228 603 invicem
259 559 325 603 non
359 538 446 603 adire
478 537 622 622 propius,
657 557 725 601 non
756 536 906 620 conloqui
937 536 1098 600 audebant

91 630 231 691 secretas
260 627 475 710 cogitationes
497 627 584 690 intra
607 646 642 690 se
664 647 790 710 quoque
811 626 975 690 volvente:
1003 629 1037 688 et
1059 645 1098 689 ex

91 715 320 799 conparatione
342 715 428 798 regis
451 713 527 779 novi
550 713 742 778 desiderium
760 714 961 778 excitabatur
978 712 1097 777 amissi.

90 802 158 869 Ubi
180 803 236 868 ille
259 806 352 881 esset,
374 801 665 885 ouiusimperium,
688 802 779 867 cuius
801 801 980 886 auspicium
998 801 1099 866 secuti
1115 820 1139 859 10

91 894 199 974 erant,
220 891 437 976 requirebant
475 889 659 954 Destitutos
685 911 719 954 se
745 890 831 954 inter
852 890 988 954 infestas
1009 888 1098 954 indo

92 981 252 1065 mitesque
279 984 402 1063 gentes,
424 979 621 1062 expetituras
644 980 695 1043 tot
716 1000 847 1043 suarum
866 978 1006 1042 cladium
1024 999 1098 1062 poe-

5 1147 8 1156 ‘
91 1090 165 1147 nas,
191 1068 381 1152 quandoque
410 1067 523 1132 oblata
550 1069 636 1132 esset
656 1067 793 1132 occasio.
842 1066 903 1131 His
926 1067 1146 1151 cogitatio-11

91 1157 188 1220 nibus
211 1157 335 1220 animos
354 1155 541 1239 exedebant,
563 1176 635 1220 cunr
654 1155 871 1236 adnuntiatur,
890 1155 1023 1239 equites,
1045 1154 1100 1239 qui

93 1245 152 1309 sub
175 1244 327 1309 Perdicca
349 1247 471 1325 essent,
494 1244 657 1326 occupatis
680 1243 765 1309 circa
787 1241 955 1327 Babylona
977 1243 1099 1327 campis

91 1333 304 1415 frumentum,
343 1333 429 1416 quod
465 1333 500 1396 in
537 1332 650 1396 urbem
691 1330 879 1413 vehebatur,
919 1331 1099 1396 retinuisse.

91 1421 207 1504 Itaque
239 1421 349 1505 inopia
375 1421 529 1504 primum,
559 1419 675 1485 deinde
699 1420 800 1484 fames
829 1441 898 1485 esse
927 1421 1033 1502 coepit
1059 1422 1099 1502 et,
1119 1429 1150 1478 1²

94 1511 150 1595 qui
177 1510 213 1574 in
239 1509 318 1574 urbe
347 1513 453 1592 erant,
480 1512 537 1573 aut
561 1508 830 1574 reconciliandam
857 1529 928 1573 cum
950 1506 1101 1572 Perdicca

93 1599 234 1683 gratiam
262 1601 320 1662 aut
348 1599 446 1662 armis
474 1597 660 1662 certandum
683 1619 751 1662 esse
779 1597 960 1662 censebant.
1003 1595 1100 1661 Forte
1120 1606 1151 1654 13

92 1687 140 1751 ita
170 1686 343 1770 acciderat,
372 1689 421 1768 ut,
453 1685 509 1770 qui
539 1685 573 1748 in
605 1687 692 1770 agris
720 1689 824 1766 crant,
860 1683 1101 1768 populationem

93 1774 246 1839 villarum
267 1775 474 1858 vicorumque
498 1773 593 1838 veriti
614 1775 826 1858 confugerent
847 1773 882 1838 in
899 1772 1026 1856 urbem,
1047 1794 1100 1856 op-

92 1862 220 1947 pidani,
240 1885 313 1929 cum
335 1863 423 1946 ipsos
447 1861 602 1926 alimenta
624 1860 808 1945 deficerent,
830 1863 1001 1927 excederent
1020 1862 1101 1926 urbe

95 1955 130 2016 et
152 1952 281 2035 utrique
299 1951 409 2034 generi
427 1950 537 2034 potior
557 1949 662 2014 aliena
681 1950 771 2015 sedes
790 1967 887 2034 quam
905 1972 964 2014 sua
980 1950 1101 2014 videre·

42 2041 82 2106 27
93 2043 156 2104 tur.
202 2039 345 2116 Quorum
382 2037 674 2104 consternationem
709 2037 900 2103 Macedones
936 2039 1032 2103 veriti
1067 2039 1101 2102 in
1121 2047 1153 2100 14

93 2129 219 2212 regiam
246 2132 375 2211 coeunt,
403 2147 545 2211 quaeque
572 2126 717 2209 ipsorum
742 2127 902 2192 sententia
925 2131 1023 2208 esset,
1051 2149 1102 2191 ex-

93 2220 230 2300 ponunt.
272 2214 425 2280 Placebat
455 2218 563 2279 autem
590 2214 715 2299 legatos
739 2214 778 2280 ad
802 2216 926 2300 equites
948 2215 1037 2280 mitti
1063 2214 1102 2280 de

93 2304 236 2370 finienda
267 2303 427 2369 discordia
458 2303 617 2387 armisque
648 2303 814 2387 ponendis.
857 2303 962 2388 Igitur
983 2326 1003 2368 a
1024 2322 1101 2386 rege
1121 2313 1154 2360 16

94 2394 224 2478 legatur
249 2393 350 2458 Pasas
377 2392 551 2456 Thessalus
578 2395 612 2456 et
637 2391 786 2456 Amissus
808 2391 1101 2476 Megalopolitanus

95 2484 130 2545 et
157 2481 318 2547 Perilaus:
348 2479 403 2564 qui
431 2501 500 2544 cum
529 2478 682 2545 mandata
708 2481 795 2564 regis
823 2480 1009 2560 edidissent,
1035 2501 1103 2544 non

95 2571 193 2634 aliter
214 2563 377 2654 posituros
401 2590 492 2633 arma
516 2569 651 2652 equites,
676 2569 823 2652 quamsi
846 2589 902 2631 rex
925 2567 1103 2633 discordiae

96 2662 243 2723 auctores
262 2657 445 2742 dedidisset,
465 2656 570 2721 tulere
592 2677 792 2739 responsum.
828 2654 891 2720 His
908 2655 1102 2720 renuntiatis
1122 2665 1155 2714 16

96 2769 156 2830 sua
179 2750 294 2830 sponte
323 2767 413 2810 arma
435 2747 555 2810 milites
579 2745 718 2828 capiunt.
763 2742 905 2820 Quorum
926 2745 1103 2809 tumultue

95 2835 188 2918 regia
223 2834 394 2918 Philippus
432 2835 568 2911 excitus,
609 2830 743 2914 ‘Nihil’
778 2833 896 2917 inquit,
929 2832 1103 2898 ‘seditione

98 2928 149 2987 est
180 2945 270 3007 opus.
323 2921 408 2987 Nam
441 2923 527 2985 inter
558 2942 592 2985 se
629 2921 821 2986 certantium
857 2922 1014 3005 praemia,
1049 2921 1105 3004 qui

98 3012 290 3095 quieverint,
322 3010 530 3093 occupabunt
579 3006 682 3074 Simul
713 3013 909 3074 mementote
937 3031 1006 3076 rem
1034 3030 1103 3074 esse
1124 3019 1156 3068 17

98 3121 170 3164 cum
202 3099 339 3182 civibus,
376 3098 491 3182 quibus
528 3118 617 3180 spem
653 3099 777 3182 gratiam
814 3099 878 3163 cito
916 3099 1104 3180 abrumpere

98 3188 140 3251 ad
167 3188 288 3252 bellurn
311 3187 405 3252 civile
432 3187 675 3269 properantium
698 3190 755 3250 est
798 3186 910 3250 Altera
932 3186 1103 3270 legatione,
1123 3195 1156 3245 18

98 3297 140 3340 au
167 3276 311 3359 mitigari
343 3275 484 3359 possint,
514 3274 723 3357 experiamur.
768 3274 813 3339 Et
844 3274 937 3340 credo
963 3275 1106 3339 nondum

97 3365 185 3449 regis
215 3385 347 3448 corpore
380 3362 507 3446 sepulto
541 3362 581 3426 ad
613 3362 806 3446 praestanda
835 3364 864 3428 ei
887 3363 975 3427 iusta
1001 3363 1104 3428 omnis

98 3473 169 3518 esse
196 3453 345 3518 coituros.
390 3450 483 3527 Quod
510 3451 551 3514 ad
572 3469 624 3514 me
647 3452 778 3535 attinet,
804 3451 935 3515 reddere
961 3451 1023 3516 hoc
1046 3452 1106 3515 im-
1125 3461 1156 3510 19

97 3541 223 3625 perium
255 3540 340 3606 malo
372 3561 470 3624 quam
504 3559 648 3604 exercere
677 3539 795 3605 civium
825 3539 994 3622 sanguine:
1022 3539 1106 3604 etsi

97 3629 189 3694 nulla
212 3628 277 3693 alia
300 3626 488 3694 concordiae
511 3648 583 3710 spes
608 3630 669 3710 est,
696 3649 753 3693 oro
777 3648 972 3712 quaesoque,
995 3627 1105 3711 eligite
