2552 4108
199 223 242 292 22
568 222 599 286 o.
619 221 728 278 GURTI
745 221 831 278 num

202 391 283 454 quae
315 369 410 454 paulo
440 369 514 432 ante
546 367 586 431 ad
616 367 752 432 tutelam
783 385 951 450 corporum
983 373 1218 450 sumpserant.

148 479 180 529 1³
199 458 277 523 adeo
304 479 404 542 paror
431 457 527 520 etiam
554 455 673 520 auxilia
697 455 858 520 formidat.
902 452 1050 519 Instabat
1067 455 1217 556 ‘fugien-

197 547 284 612 tibus
311 565 407 630 eques
434 565 454 608 a
480 542 690 608 Parmenione
720 544 867 628 emissus,
899 545 932 607 ot
957 543 1073 607 forte
1064 564 1105 606 m
1133 544 1218 608 illud

199 657 297 700 cornu
328 653 439 697 omnes
470 631 547 716 fuga
579 631 763 696 abstulerat.
807 630 893 696 At
883 652 919 695 m
946 631 1057 695 dextro
1084 630 1218 696 Persae

147 745 181 794 14
198 720 368 787 Thessalos
396 719 518 803 equites
545 719 749 785 vehementer
770 720 936 805 urgebant
980 717 1120 804 Iamque
1149 743 1218 784 una

198 811 249 874 ala
271 809 341 890 ipso
364 808 476 891 inpetu
497 808 683 890 proculcata
705 812 786 873 erat:
810 829 883 873 cum
903 807 1049 871 Thessali
1072 811 1218 872 strenue

197 896 397 963 circumactis
425 895 514 980 equis
543 896 658 980 dilapsi
683 918 793 961 rursus
819 897 855 961 in
881 895 1039 979 proelium
1065 897 1219 960 redeunt

198 1005 388 1069 sparsosque
418 987 451 1048 et
481 984 698 1069 inconpositos
725 985 877 1049 victoriae
904 983 1018 1048 fiducia
1045 984 1217 1050 barbaros

147 1093 179 1142 15
197 1071 323 1156 ingenti
354 1071 449 1136 caede
480 1076 696 1156 prosteruunt
745 1071 830 1156 Equi
860 1073 980 1156 pariter
1016 1073 1216 1156 equitesque

196 1158 379 1243 Persarum,
408 1161 488 1226 serie
517 1163 697 1226 lamnarum
726 1181 852 1246 graves,
880 1160 914 1224 id
940 1181 1041 1245 genus
1063 1181 1217 1246 pugnae,

198 1247 282 1332 quod
314 1249 473 1314 celeritate
504 1250 641 1314 maxime
672 1252 813 1334 constat,
848 1269 942 1334 aegre
971 1248 1215 1313 moliebantur:

197 1335 314 1418 quippe
336 1337 372 1401 in
394 1337 644 1423 circumagendis
667 1337 756 1422 equis
780 1335 845 1401 suis
866 1356 916 1402 cos
937 1335 1084 1401 Thessali
1107 1336 1216 1402 inulti

198 1429 440 1506 occupaverant.

146 1533 179 1582 ts
285 1511 356 1576 Hac
377 1516 445 1577 tam
462 1533 616 1595 prospera
633 1532 744 1596 pugna
761 1514 910 1578 nuntiata
923 1511 1115 1597 Alexander,
1141 1508 1252 1578 1111121

198 1602 272 1664 anta
305 1622 402 1665 ausus
434 1600 580 1684 persequi
611 1600 779 1684 barbaros,
809 1602 969 1684 utrimque
1000 1600 1065 1664 iam
1097 1602 1214 1666 victor

146 1707 179 1756 1⁷
197 1687 318 1752 instare
340 1688 537 1773 fugientibus
560 1688 673 1771 coepit.
708 1687 804 1752 Haud
832 1690 967 1772 amplius
982 1708 1091 1773 regem
1106 1711 1213 1774 quam

197 1775 283 1839 mille
328 1778 452 1861 equites
497 1777 722 1861 sequebantur,
767 1798 840 1841 cum
878 1778 993 1861 ingens
1025 1776 1211 1844 multitudo

196 1861 339 1928 hostium
361 1866 493 1930 eederet.
529 1862 592 1929 sed
614 1865 684 1948 quis
707 1865 820 1929 autin
842 1864 976 1930 victoria
998 1865 1108 1928 autin
1124 1867 1211 1950 fuga

197 1951 306 2034 copias
336 1953 505 2017 numerat?
549 1952 738 2038 Agebantur
765 1973 841 2037 ergo
870 1975 890 2017 1
915 1957 983 2016 tam
1009 1953 1121 2036 paucis
1152 1975 1210 2038 pe·

198 2060 308 2103 corum
334 2040 429 2104 modo
458 2044 490 2105 et
510 2040 595 2105 idem
617 2045 736 2125 metus,
768 2041 823 2126 qui
846 2041 981 2126 cogebat
1002 2040 1127 2125 fugere,
1158 2041 1208 2105 fu·

146 2146 179 2197 18
199 2127 322 2211 gientes
344 2128 537 2192 morabatur.
581 2126 627 2192 At
649 2127 775 2212 Graeci,
802 2129 857 2212 qui
878 2130 914 2192 in
935 2127 1034 2192 Darei
1055 2130 1208 2212 partibus

198 2218 363 2297 steterant,
384 2214 528 2300 Amynta
551 2214 628 2279 duce
651 2252 693 2262 -
714 2220 844 2299 praetor
865 2216 917 2281 hic
934 2215 1110 2280 Alexandri
1133 2219 1207 2282 fue·

197 2306 261 2387 rat,
291 2307 369 2367 tune
395 2302 564 2388 transfuga
594 2339 638 2350 -
670 2304 799 2389 abrupti
825 2327 845 2368 a
872 2305 985 2369 ceteris
1010 2304 1097 2368 haud
1125 2326 1207 2370 sane

146 2410 179 2460 11
198 2391 398 2476 fugientibus
421 2391 540 2456 similes
564 2396 739 2457 evaserant.
774 2391 909 2457 Barbari
927 2394 1023 2478 longe
1042 2393 1205 2458 diversam

197 2479 309 2565 fugam
331 2479 549 2543 intenderunt:
579 2479 648 2564 alii,
670 2487 877 2564 quercetum
898 2481 960 2546 iter
981 2481 1016 2544 in
1037 2480 1206 2546 Persidem

199 2568 341 2652 ducebat,
364 2568 492 2652 quidam
515 2568 647 2632 circuitu
669 2590 764 2653 rupes
788 2570 950 2652 saltusque
967 2569 1126 2634 montium
1150 2590 1204 2634 oc-

145 2657 301 2724 10111111
324 2658 473 2741 petivere,
494 2657 588 2741 pauci
610 2661 716 2722 castra
731 2655 837 2721 Darei.
874 2655 936 2722 Sed
957 2657 1022 2721 iam
1044 2657 1101 2720 illa
1123 2679 1205 2741 quo-

199 2764 259 2826 que
293 2744 395 2809 victor
425 2745 613 2830 intraverat,
650 2745 738 2809 omni
766 2745 893 2829 quidem
922 2745 1084 2829 opulentia
1113 2745 1204 2810 dicia

198 2830 318 2916 Ingens
341 2832 411 2896 auri
433 2834 620 2918 argentique
642 2833 776 2918 pondus,
797 2855 865 2897 non
886 2833 963 2897 belli
986 2832 1041 2898 sed
1056 2833 1203 2897 luxuriae

199 2923 397 3005 apparatum,
420 2921 616 3006 diripuerant
637 2921 764 2986 milites.
800 2918 942 3005 Cumque
956 2922 1029 3005 plus
1042 2925 1202 3004 raperent,

198 3027 291 3089 quum
313 3029 416 3091 cupere
432 3015 570 3092 possent,
578 3010 712 3110 'passim
735 3012 836 3074 strata
858 3013 951 3074 erant
972 3009 1087 3074 itinera
1108 3010 1201 3075 vilio-

198 3094 286 3159 ribus
310 3097 451 3181 sarcinis,
473 3098 610 3181 quasin
633 3098 869 3182 comparatione
885 3097 1052 3162 meliorum
1066 3098 1203 3161 avaritia

146 3203 179 3253 21
199 3187 441 3268 contempserat.
496 3184 626 3269 Iamque
661 3185 702 3250 ad
735 3186 871 3250 feminas
901 3188 1090 3269 perventum
1122 3189 1201 3267 erat,

199 3271 313 3355 quibus
332 3294 395 3356 quo
414 3273 537 3338 cariora
556 3277 742 3337 ornamenta
761 3276 845 3357 sunt,
867 3273 1037 3338 violentius
1056 3273 1200 3338 111111111-

197 3359 327 3424 bantur:
354 3382 395 3424 ne
426 3360 612 3444 corporibus
639 3361 765 3444 quidem
787 3362 836 3426 vis
859 3383 896 3426 ac
918 3362 1016 3427 libido
1039 3361 1198 3445 parcebat.

145 3446 294 3518 11011111
316 3450 447 3532 planctu
469 3450 684 3534 tumultuque,
711 3454 807 3534 prout
829 3450 942 3534 cuique
968 3450 1100 3514 fortuna
1122 3453 1198 3532 erat,

198 3540 303 3601 castra
328 3538 541 3622 repleverant,
571 3559 630 3603 nec
656 3538 722 3602 ulla
748 3538 845 3602 facies
872 3539 949 3602 mali
975 3537 1096 3620 deerat,
1127 3558 1197 3601 cum

196 3645 254 3709 per
286 3646 396 3690 omnes
428 3627 556 3692 ordines
588 3630 772 3712 aetatesque
803 3627 934 3691 victoris
963 3625 1134 3691 crudelitas
1160 3646 1197 3691 ac
