2602 4094
295 225 547 282 HISTORIARUM
566 226 779 283 ALEXANDRI
797 227 835 297 X,
855 235 878 285 7.
1024 227 1091 292 279

80 372 266 454 clamitans,
288 371 458 455 suffragari
481 373 550 455 spei
572 372 718 455 publicae
739 372 778 436 de
795 394 879 437 novo
898 392 974 457 rege
993 372 1091 456 paulo

80 463 162 525 ante
177 463 350 542 conceptae
363 460 462 525 robur
476 460 606 525 aetatis:
621 461 841 543 experirentur
852 460 946 526 modo
957 462 1092 544 stirpem

80 548 230 632 Philippi
252 552 285 612 et
307 548 409 612 lilium
433 570 470 614 ac
492 548 624 613 fratrem
647 568 762 633 regum
784 549 933 615 duorum:
961 550 1092 614 sibimet

82 636 167 721 ipsis
191 636 394 721 potissimum
419 637 592 702 crederent.
627 634 761 702 Nullum
782 638 976 720 profundum
994 648 1140 720 11111111

81 726 212 790 nullum
237 729 366 789 vastum
388 724 508 789 fretum
526 732 560 788 et
576 726 790 808 procellosum
811 730 919 791 tantos
938 726 1001 792 ciet
1018 726 1093 790 fluc-

82 817 153 896 tus,
182 818 320 897 quantos
348 813 520 879 multitudo
548 817 655 877 motus
682 812 793 898 habet,
820 815 931 898 utique
958 814 987 880 si
1008 836 1094 879 nova

83 907 119 966 et
143 901 233 966 brevi
256 902 410 966 duratura
437 902 587 966 libertate
610 901 758 966 luxuriat.
802 901 901 967 Pauci
923 902 1093 967 Perdiccae
1112 914 1145 962 12

84 990 184 1054 modo
212 991 327 1073 electo,
358 989 467 1074 plures
493 988 658 1074 Philippo,
686 1011 780 1074 quem
807 994 1007 1075 spreverant,
1034 992 1094 1054 im·

84 1080 212 1162 perium
246 1079 374 1143 dabant
420 1077 489 1143 Nec
518 1078 601 1142 velle
633 1099 691 1143 nec
722 1077 809 1142 nolle
841 1079 1011 1164 quicquam
1039 1079 1094 1144 diu

84 1169 240 1250 poterant
262 1167 509 1250 paenitebatque
531 1167 627 1232 modo
650 1166 790 1250 consilii,
813 1166 907 1231 modo
930 1168 1094 1251 paeniten-

84 1256 154 1320 tiae
184 1256 296 1339 ipsius.
341 1254 393 1319 Ad
423 1255 574 1319 ultimum
606 1258 715 1319 tamen
742 1255 777 1319 in
810 1255 943 1338 stirpem
970 1256 1095 1339 regiam

84 1343 284 1408 inclinavere
313 1343 437 1408 studiis.
481 1341 631 1408 Cesserat
653 1365 692 1407 ex
716 1344 865 1408 contione
887 1342 1094 1430 Arrhidaeus,
1113 1356 1147 1404 13

85 1431 268 1515 principum
292 1432 484 1497 auctoritate
505 1432 714 1516 conterritus,
736 1435 769 1496 et
786 1433 925 1496 abeunte
943 1431 1001 1496 illo
1021 1453 1094 1496 con-

84 1521 227 1584 ticuerat
254 1521 358 1603 magis
388 1543 483 1604 quam
506 1521 695 1604 elanguerat
718 1520 869 1584 militaris
892 1520 993 1586 favor.
1028 1518 1094 1584 Ita·

27 1619 30 1630 '
87 1629 150 1693 que
168 1613 337 1673 revocatus
356 1613 478 1673 vestem
500 1609 610 1673 fratris
634 1631 705 1672 eam
723 1609 837 1692 ipsam,
861 1630 942 1692 quae
960 1609 996 1673 in
1013 1608 1095 1673 sella

87 1697 195 1779 posita
218 1697 336 1780 fuerat,
362 1697 513 1761 induitur.
558 1696 603 1761 Mt
623 1696 786 1781 Meleager
808 1698 941 1762 thorace
963 1700 1093 1780 sumpto
1113 1707 1146 1757 14

86 1785 177 1868 capit
211 1807 315 1868 arma,
350 1786 426 1850 novi
459 1784 545 1870 regis
580 1784 718 1851 satelles.
767 1784 918 1869 Sequitur
953 1784 1096 1869 phalanx

87 1873 192 1937 hastis
216 1874 336 1957 clipeos
361 1873 516 1957 quatiens,
541 1873 708 1956 expletura
730 1894 764 1938 se
783 1875 939 1958 sanguine
957 1874 1097 1957 illorum,

87 1962 144 2044 qui
166 1961 404 2026 adfectaverant
424 1962 505 2025 nihil
524 1961 564 2027 ad
582 1963 670 2044 ipsos
688 1962 851 2045 pertinens
875 1981 1020 2045 regnum.
1055 1960 1148 2026 11111

89 2050 201 2114 eadem
225 2051 319 2115 domo
342 2051 531 2133 familiaque
554 2049 682 2133 imperii
700 2051 785 2115 vires
804 2071 1007 2114 remansuras
1027 2071 1096 2114 asse

89 2138 285 2221 gaudebant:
304 2138 533 2203 hereditarium
551 2137 721 2221 imperium
741 2139 874 2222 stirpem
891 2139 1013 2221 regiam
1029 2139 1097 2203 vin·

89 2226 280 2310 dicaturam‚
304 2226 455 2292 adsuetos
478 2248 548 2290 esse
570 2248 687 2290 nomen
709 2227 817 2309 ipsum
840 2227 945 2293 colere
966 2249 1097 2292 venera·

88 2316 180 2399 rique
202 2335 262 2380 nec
280 2337 471 2399 quemquam
489 2313 523 2378 id
542 2336 654 2398 capere
671 2315 735 2380 nisi
753 2316 906 2400 genitum,
928 2320 965 2381 ut
982 2337 1097 2401 regna-

36 2404 80 2468 24
90 2407 149 2469 ret.
184 2402 290 2487 Igitur
312 2404 464 2468 Perdicca
486 2404 618 2469 territus
640 2404 801 2487 conclave,
823 2405 858 2469 in
877 2426 939 2488 quo
958 2404 1096 2468 Alexan·
1116 2415 1149 2462 16

90 2491 141 2556 dri
164 2513 278 2574 corpus
296 2490 437 2576 iacebat,
455 2491 599 2556 obserari
615 2491 715 2557 iubet.
750 2508 797 2558 Dc
819 2514 891 2557 cum
914 2492 984 2574 ipso
1004 2494 1097 2556 erant

90 2583 254 2663 spectatae
273 2580 416 2662 virtutis,
439 2578 643 2644 Ptolemaeus
663 2601 788 2664 quoque
807 2601 841 2644 se
860 2579 1048 2643 adiunxerat
1065 2579 1096 2644 ei

90 2689 325 2753 puerorumque
342 2669 434 2752 regia
452 2668 576 2734 cohors.
612 2666 761 2733 Ceterum
779 2667 866 2731 haud
884 2666 1056 2732 difficulter
1076 2690 1096 2731 a
1115 2677 1149 2727 17

89 2760 141 2822 tot
172 2756 303 2821 milibus
335 2760 533 2822 armatorum
565 2757 704 2820 claustra
736 2755 899 2839 perfracta
925 2759 1007 2820 sunt
1051 2755 1098 2821 Mt

89 2866 146 2909 rex
172 2865 299 2928 quoque
325 2845 491 2928 inruperat
518 2846 656 2927 stipatus
685 2844 861 2908 satellitum
884 2844 993 2928 turba,
1020 2865 1097 2927 quo·

89 2956 162 2998 rum
188 2933 338 3016 princeps
360 2932 524 3017 Meleager
544 2937 618 2997 erat.
662 2930 830 3016 Iratusque
853 2930 1005 2997 Perdicca
1026 2932 1096 3014 hos,
1115 2943 1148 2992 18

90 3021 148 3106 qui
174 3021 348 3086 Alexandri
372 3043 486 3103 corpus
509 3020 594 3085 tueri
616 3020 748 3102 vellent,
776 3025 919 3086 sevocat:
947 3021 1016 3101 sed,
1040 3020 1097 3104 qui

90 3112 292 3194 inruperant,
315 3110 439 3174 eminus
462 3109 528 3172 tela
545 3107 579 3172 in
597 3108 702 3191 ipsum
719 3109 887 3174 iaciebant
918 3108 1097 3192 Multisque

90 3198 267 3263 vulneratis
284 3197 416 3262 taudem
434 3197 576 3261 seniores
596 3195 733 3280 demptis
753 3198 865 3282 galeis,
886 3219 948 3280 quo
966 3196 1096 3263 facilius

90 3287 181 3352 nosci
207 3291 354 3370 possent,
384 3285 508 3369 precari
536 3306 604 3368 eos,
636 3286 691 3368 qui
717 3306 790 3350 oum
817 3285 967 3350 Perdicca
995 3288 1097 3369 arant,

90 3396 237 3459 coepere,
259 3377 297 3438 ut
319 3374 513 3439 absisterent
535 3373 620 3438 bello
640 3373 772 3458 regique
791 3377 824 3438 et
841 3373 988 3456 pluribus
1008 3374 1097 3438 cede·

89 3467 172 3528 rent.
211 3462 340 3528 Primus
367 3461 518 3526 Perdicca
544 3483 634 3526 arma
655 3462 805 3544 deposuit
828 3461 988 3544 ceterique
1011 3461 1096 3526 idem
1116 3472 1149 3520 ra

90 3551 203 3618 fecere.
237 3549 403 3635 Meleagro
431 3549 543 3613 deindo
566 3551 731 3634 suadente,
758 3571 798 3614 ne
817 3572 837 3614 a
858 3571 993 3634 corpore
1021 3550 1097 3614 Ale-

89 3640 207 3704 xandri
229 3638 440 3722 discederent,
462 3637 585 3702 insidiis
609 3637 715 3703 locum
739 3638 850 3722 quaeri
870 3638 948 3724 rati,
971 3637 1098 3702 diversa
