2582 4098
212 196 275 260 110
580 196 612 260 Q.
631 194 740 251 cuam
758 195 845 250 num

210 341 308 406 enimi
340 340 454 406 fixisset
484 339 526 406 ad
553 341 722 424 proelium,
758 343 914 424 quantum
943 340 983 404 ad
1009 339 1233 424 parricidium

208 429 322 495 fuerat
356 426 504 514 Namque
527 431 560 492 et
580 448 713 493 numero
735 428 865 492 barbari
885 428 1095 511 praestabant
1114 431 1154 492 et
1175 450 1232 493 ro·
1287 495 1288 502 ,

209 517 299 582 bore:
336 517 377 581 ad
407 517 469 583 hoc
500 515 611 580 refecti
642 537 715 580 cum
745 515 889 601 fatigatis
916 518 1077 580 certamen
1102 515 1232 580 inituri

158 627 191 676 14
209 608 309 670 erant.
358 602 420 669 Sed
448 625 566 669 nomen
591 602 764 668 Alexandri
793 604 950 687 etfama,
976 602 1161 668 maximum
1192 605 1231 668 in

208 693 293 758 bello
327 692 436 776 utique
468 694 678 776 momentum,
712 691 845 775 pavidos
876 692 912 756 in
942 691 1054 775 fugam
1087 693 1229 756 avertit

157 801 190 850 ιι
208 779 326 845 Bessus
357 801 432 845 vero
464 782 499 843 et
529 779 625 844 ceteri
653 779 804 844 facinoris
831 779 898 844 eius
925 778 1097 864 participes
1129 779 1269 845 vehi-37

209 869 316 932 culum
346 866 443 932 Darei
478 866 620 932 adsecuti
656 870 828 950 coepenmt
861 866 985 932 hortari
1015 888 1102 951 eum,
1143 889 1228 933 con·

158 976 190 1025 lc
210 955 375 1020 scanderet
400 976 518 1039 equum
545 959 577 1020 et
601 976 635 1020 se
657 954 745 1020 hosti
765 955 844 1039 fuga
866 955 1011 1038 eriperet
1053 954 1113 1020 Ille
1141 955 1227 1021 deos

209 1043 329 1107 ultores
360 1043 471 1108 adesse
502 1045 639 1108 testatur
670 1046 703 1108 et
724 1041 899 1107 Alexandri
924 1043 1020 1106 fidem
1046 1042 1227 1126 inplorans

208 1133 308 1215 negat
329 1152 363 1196 se
384 1130 558 1214 parricidas
580 1131 661 1196 velle
684 1131 838 1195 comitari.
873 1130 956 1195 Tum
975 1151 1051 1195 vero
1068 1131 1119 1194 ira
1140 1153 1226 1215 quo·
1286 1201 1287 1204 ,

209 1239 270 1303 que
301 1219 426 1284 accensi
456 1219 522 1284 tela
553 1219 714 1284 coniciunt
741 1219 777 1283 in
802 1238 911 1304 regem
937 1218 1110 1302 multisque
1142 1240 1225 1285 con·

157 1307 331 1375 refossum
361 1306 545 1372 vulneribus
576 1306 770 1390 relinquunt
821 1305 970 1371 lumenta
1001 1327 1146 1391 quoque,
1180 1330 1225 1372 ne

208 1394 336 1480 longius
358 1394 508 1479 prosequi
529 1398 675 1479 possent,
702 1395 933 1460 convulnerant
918 1394 1079 1459 tduobus
1102 1396 1225 1480 servis,

158 1503 190 1551 18
210 1482 264 1567 qui
285 1502 394 1567 regem
417 1483 668 1565 comitabantur,
691 1482 812 1548 occisis
855 1481 927 1546 Hoc
953 1482 1038 1547 edito
1060 1481 1224 1566 facinore,

208 1574 245 1635 ut
270 1571 407 1656 vestigia
428 1570 524 1656 fugae
547 1573 749 1672 spargerent,
778 1568 985 1635 Nabarzanes
1007 1568 1223 1654 Hyrcaniam,

207 1656 326 1723 Bessus
348 1658 466 1722 Bactra
493 1657 604 1742 paucis
631 1659 773 1742 equitum
800 1658 1028 1723 comitantibus
1049 1658 1222 1743 petebant

207 1745 343 1811 Barbari
368 1746 501 1812 ducibus
527 1745 685 1829 destituti,
713 1768 777 1830 qua
803 1767 959 1831 quemque
981 1749 1038 1810 aut
1060 1767 1134 1830 spes
1162 1747 1220 1812 du-

208 1835 301 1899 cebat
323 1838 379 1898 aut
400 1856 510 1919 pavor,
532 1835 782 1918 dissipabantur:
805 1852 829 1898 ι)
848 1837 975 1898 tantum
994 1835 1118 1919 equites
1138 1856 1220 1900 con·

208 1927 421 2007 gregaverant
441 1944 484 2007 se,
505 1923 620 1987 incerti
638 1922 918 2006 adhuc,'resistere
936 1921 1049 1986 melius
1067 1926 1157 1986 esset
1176 1945 1219 1987 an
1289 1984 1290 2001 ,

157 2030 189 2078 19
207 2011 328 2095 fugere.
372 2009 553 2075 Alexander
578 2011 719 2076 hostium
745 2010 956 2094 trepidatione
979 2013 1133 2093 conperta
1158 2009 1219 2076 Ni·

209 2118 358 2162 canorem
392 2119 464 2161 cum
495 2099 638 2182 equitum
668 2101 759 2182 perte
791 2097 832 2163 ad
863 2097 1069 2162 inhibendam
1100 2098 1219 2183 fugam

209 2183 341 2249 emittit·
367 2185 436 2268 ipse
463 2206 535 2249 cum
564 2186 676 2251 ceteris
706 2185 856 2271 sequitur.
905 2185 981 2250 Tria
1001 2185 1102 2250 ferme
1124 2187 1218 2251 milia

207 2271 390 2336 resistentia
412 2273 517 2337 occisa
535 2277 610 2337 sunt
610 2275 797 2357 ,reliquum
814 2295 932 2360 agmen
949 2273 1107 2357 pecudum
1125 2295 1216 2338 more

207 2359 365 2424 intactum
392 2360 548 2446 agebatur
571 2324 700 2426 iubente
722 2382 810 2447 rege,
841 2365 878 2426 ut
900 2361 1048 2426 caedibus
1071 2361 1215 2426 abstine-

155 2468 190 2518 ιο
207 2450 304 2512 retur.
346 2446 451 2514 Nemo
482 2449 681 2534 captivorum
712 2454 780 2514 erat
784 2449 879 2535 ,qui
907 2453 1087 2514 monstrare
1115 2447 1214 2514 Darei

207 2535 388 2602 vehiculum
422 2540 546 2620 posset.
587 2538 727 2622 singula,
762 2500 800 2602 ut
834 2558 976 2621 quaeque
1009 2537 1214 2639 prenderent,

207 2626 445 2710 scrutabantur,
475 2646 534 2690 nec
560 2628 670 2690 tamen
691 2626 792 2690 ullum
814 2626 985 2710 vestigium
1006 2625 1103 2710 fugae
1126 2627 1213 2711 regis

156 2735 188 2782 ιι
208 2715 346 2778 extabat.
376 2713 596 2779 Festinantem
609 2712 827 2779 Alexandrum
843 2713 897 2778 rix
914 2731 953 2777 111
965 2712 1054 2777 milia
1068 2711 1214 2798 equitum

206 2804 374 2883 persecuta
400 2806 483 2867 sunt.
531 2800 578 2867 At
603 2803 727 2884 ineos,
759 2802 815 2886 qui
843 2801 961 2865 lentius
989 2801 1214 2886 sequebantur,

155 2909 189 2958 aa
206 2889 391 2953 incidebant
412 2889 560 2955 universe
581 2890 774 2975 fugientium
796 2889 933 2974 agmina.
975 2887 1040 2953 Vix
1062 2889 1213 2953 credibile

208 2977 308 3060 dictu,
333 2977 442 3059 plures
465 2977 581 3061 captivi
603 3000 713 3062 quam,
735 2977 790 3061 qui
812 2978 976 3061 caperent,
998 2981 1102 3041 erant:
1133 2976 1213 3041 adeo

208 3085 335 3129 omnem
361 3085 490 3129 sensum
511 3066 630 3130 territis
652 3066 784 3131 fortuna
804 3065 933 3149 penitus
956 3068 1150 3149 excusserat,
1175 3069 1214 3128 ut

206 3173 265 3217 nec
291 3152 434 3217 hostium
459 3154 653 3237 paucitatem
678 3174 737 3219 nee
759 3153 996 3218 multitudinem
1019 3174 1111 3217 suam
1134 3152 1214 3217 satis

207 3243 382 3305 comerent

155 3349 188 3398 23
294 3328 428 3394 Interim
454 3329 609 3413 iumenta,
640 3351 721 3412 quae
747 3328 888 3394 Dareum
916 3327 1090 3412 vehebant,
1121 3325 1254 3393 null038

206 3421 338 3502 regente
365 3417 567 3483 decesserant
592 3417 723 3482 militari
749 3417 803 3482 ria
830 3420 862 3482 et
889 3437 994 3481 errore
1021 3416 1128 3480 delata
1154 3437 1214 3500 per

207 3509 360 3590 quattuor
386 3506 491 3571 stadia
521 3507 556 3569 in
588 3505 725 3588 quadam
756 3505 837 3569 valle
865 3504 1089 3587 constiterant,
1120 3507 1212 3568 aestu

155 3614 190 3663 aa
208 3595 364 3679 simulque
390 3594 575 3659 vulneribus
597 3592 742 3678 fatigata.
785 3592 881 3657 Haud
903 3592 1015 3677 procul
1037 3595 1107 3656 erat
1127 3592 1213 3674 fons,
