<?xml version="1.0" encoding="UTF-8"?>
<!DOCTYPE html PUBLIC "-//W3C//DTD XHTML 1.0 Transitional//EN"
    "http://www.w3.org/TR/xhtml1/DTD/xhtml1-transitional.dtd">
<html xmlns="http://www.w3.org/1999/xhtml" xml:lang="en" lang="en">
 <head>
  <title>
</title>
<meta http-equiv="Content-Type" content="text/html;charset=utf-8" />
  <meta name='ocr-system' content='tesseract 3.04.00' />
  <meta name='ocr-capabilities' content='ocr_page ocr_carea ocr_par ocr_line ocrx_word'/>
</head>
<body>
  <div class='ocr_page' id='page_1' title='image "./qcurtirufihisto04rufugoog_0056.png"; bbox 0 0 2552 4108; ppageno 0'>
   <div class='ocr_carea' id='block_1_1' title="bbox 213 234 848 301">
    <p class='ocr_par' dir='ltr' id='par_1_1' title="bbox 213 234 848 301">
     <span class='ocr_line' id='line_1_1' title="bbox 213 234 848 301; baseline 0 -11"><span class='ocrx_word' id='word_1_1' title='bbox 213 237 257 300; x_wconf 82' lang='grc'>24</span> <span class='ocrx_word' id='word_1_2' title='bbox 585 234 617 301; x_wconf 82' lang='lat' dir='ltr'>Q.</span> <span class='ocrx_word' id='word_1_3' title='bbox 636 235 745 290; x_wconf 83' lang='lat' dir='ltr'>CURTI</span> <span class='ocrx_word' id='word_1_4' title='bbox 762 235 848 290; x_wconf 83' lang='lat' dir='ltr'><strong>RUFI</strong></span> 
     </span>
    </p>
   </div>
   <div class='ocr_carea' id='block_1_2' title="bbox 164 379 1252 3719">
    <p class='ocr_par' dir='ltr' id='par_1_2' title="bbox 164 379 1252 3719">
     <span class='ocr_line' id='line_1_2' title="bbox 212 379 1224 466; baseline 0.001 -21"><span class='ocrx_word' id='word_1_5' title='bbox 212 401 347 464; x_wconf 91' lang='lat' dir='ltr'>quoque,</span> <span class='ocrx_word' id='word_1_6' title='bbox 370 400 451 464; x_wconf 89' lang='lat' dir='ltr'>quae</span> <span class='ocrx_word' id='word_1_7' title='bbox 473 380 652 444; x_wconf 77' lang='lat' dir='ltr'>excubabat</span> <span class='ocrx_word' id='word_1_8' title='bbox 670 379 711 443; x_wconf 90' lang='lat' dir='ltr'>ad</span> <span class='ocrx_word' id='word_1_9' title='bbox 729 380 969 446; x_wconf 90' lang='lat' dir='ltr'>tabernaculum</span> <span class='ocrx_word' id='word_1_10' title='bbox 986 381 1082 466; x_wconf 80' lang='lat' dir='ltr'>regis,</span> <span class='ocrx_word' id='word_1_11' title='bbox 1104 382 1224 465; x_wconf 83' lang='lat' dir='ltr'>verita,</span> 
     </span>
     <span class='ocr_line' id='line_1_3' title="bbox 211 468 1223 552; baseline 0.002 -20"><span class='ocrx_word' id='word_1_12' title='bbox 211 490 253 533; x_wconf 92' lang='lat' dir='ltr'>ne</span> <span class='ocrx_word' id='word_1_13' title='bbox 284 469 414 532; x_wconf 86' lang='lat' dir='ltr'>maioris</span> <span class='ocrx_word' id='word_1_14' title='bbox 445 472 552 533; x_wconf 88' lang='lat' dir='ltr'>motus</span> <span class='ocrx_word' id='word_1_15' title='bbox 583 468 774 552; x_wconf 87' lang='lat' dir='ltr'>principium</span> <span class='ocrx_word' id='word_1_16' title='bbox 806 469 901 552; x_wconf 88' lang='lat' dir='ltr'>esset,</span> <span class='ocrx_word' id='word_1_17' title='bbox 933 490 1055 532; x_wconf 88' lang='lat' dir='ltr'>armare</span> <span class='ocrx_word' id='word_1_18' title='bbox 1083 491 1117 534; x_wconf 92' lang='lat' dir='ltr'>se</span> <span class='ocrx_word' id='word_1_19' title='bbox 1146 491 1223 534; x_wconf 88' lang='lat' dir='ltr'>eoe-</span> 
     </span>
     <span class='ocr_line' id='line_1_4' title="bbox 177 555 1222 640; baseline -0.005 -14"><span class='ocrx_word' id='word_1_20' title='bbox 177 561 311 640; x_wconf 86' lang='lat' dir='ltr'>4perat.</span> <span class='ocrx_word' id='word_1_21' title='bbox 356 555 461 622; x_wconf 78' lang='lat' dir='ltr'>Causa</span> <span class='ocrx_word' id='word_1_22' title='bbox 491 557 588 621; x_wconf 87' lang='lat' dir='ltr'>subiti</span> <span class='ocrx_word' id='word_1_23' title='bbox 616 557 745 640; x_wconf 88' lang='lat' dir='ltr'>pavoris</span> <span class='ocrx_word' id='word_1_24' title='bbox 772 556 846 640; x_wconf 88' lang='lat' dir='ltr'>fuit,</span> <span class='ocrx_word' id='word_1_25' title='bbox 878 556 964 640; x_wconf 91' lang='lat' dir='ltr'>quod</span> <span class='ocrx_word' id='word_1_26' title='bbox 992 560 1095 621; x_wconf 85' lang='lat' dir='ltr'>mater</span> <span class='ocrx_word' id='word_1_27' title='bbox 1121 579 1222 622; x_wconf 87' lang='lat' dir='ltr'>uxor·</span> 
     </span>
     <span class='ocr_line' id='line_1_5' title="bbox 212 643 1222 729; baseline 0.001 -20"><span class='ocrx_word' id='word_1_28' title='bbox 212 667 273 729; x_wconf 93' lang='lat' dir='ltr'>que</span> <span class='ocrx_word' id='word_1_29' title='bbox 297 643 394 708; x_wconf 90' lang='lat' dir='ltr'>Darei</span> <span class='ocrx_word' id='word_1_30' title='bbox 416 666 489 708; x_wconf 91' lang='lat' dir='ltr'>cum</span> <span class='ocrx_word' id='word_1_31' title='bbox 512 645 646 728; x_wconf 84' lang='lat' dir='ltr'>captivis</span> <span class='ocrx_word' id='word_1_32' title='bbox 668 644 830 709; x_wconf 91' lang='lat' dir='ltr'>nobilibus</span> <span class='ocrx_word' id='word_1_33' title='bbox 851 665 977 729; x_wconf 82' lang='lat' dir='ltr'>regem,</span> <span class='ocrx_word' id='word_1_34' title='bbox 1000 667 1093 728; x_wconf 90' lang='lat' dir='ltr'>quem</span> <span class='ocrx_word' id='word_1_35' title='bbox 1116 646 1222 710; x_wconf 88' lang='lat' dir='ltr'>inter·</span> 
     </span>
     <span class='ocr_line' id='line_1_6' title="bbox 210 732 1222 817; baseline 0.001 -21"><span class='ocrx_word' id='word_1_36' title='bbox 210 733 330 798; x_wconf 87' lang='lat' dir='ltr'>fectum</span> <span class='ocrx_word' id='word_1_37' title='bbox 372 752 441 796; x_wconf 88' lang='lat' dir='ltr'>esse</span> <span class='ocrx_word' id='word_1_38' title='bbox 482 732 665 815; x_wconf 88' lang='lat' dir='ltr'>credebant,</span> <span class='ocrx_word' id='word_1_39' title='bbox 710 733 834 816; x_wconf 81' lang='lat' dir='ltr'>ingenti</span> <span class='ocrx_word' id='word_1_40' title='bbox 876 733 996 816; x_wconf 86' lang='lat' dir='ltr'>gemitu</span> <span class='ocrx_word' id='word_1_41' title='bbox 1032 733 1222 817; x_wconf 89' lang='lat' dir='ltr'>eiulatuque</span> 
     </span>
     <span class='ocr_line' id='line_1_7' title="bbox 176 819 1223 904; baseline 0 -20"><span class='ocrx_word' id='word_1_42' title='bbox 176 820 379 884; x_wconf 72' lang='lat' dir='ltr'>adeflebanc.</span> <span class='ocrx_word' id='word_1_43' title='bbox 419 819 512 884; x_wconf 77' lang='lat' dir='ltr'>Unus</span> <span class='ocrx_word' id='word_1_44' title='bbox 543 841 681 904; x_wconf 85' lang='lat' dir='ltr'>nemque</span> <span class='ocrx_word' id='word_1_45' title='bbox 709 841 727 884; x_wconf 94' lang='lat' dir='ltr'>e</span> <span class='ocrx_word' id='word_1_46' title='bbox 754 820 887 903; x_wconf 88' lang='lat' dir='ltr'>captivis</span> <span class='ocrx_word' id='word_1_47' title='bbox 915 820 1124 904; x_wconf 81' lang='lat' dir='ltr'>spadonibus,</span> <span class='ocrx_word' id='word_1_48' title='bbox 1163 822 1223 904; x_wconf 88' lang='lat' dir='ltr'>qui</span> 
     </span>
     <span class='ocr_line' id='line_1_8' title="bbox 211 907 1221 992; baseline 0 -20"><span class='ocrx_word' id='word_1_49' title='bbox 211 908 295 972; x_wconf 86' lang='lat' dir='ltr'>forte</span> <span class='ocrx_word' id='word_1_50' title='bbox 323 910 396 972; x_wconf 87' lang='lat' dir='ltr'>ante</span> <span class='ocrx_word' id='word_1_51' title='bbox 424 907 566 990; x_wconf 89' lang='lat' dir='ltr'>ipsarum</span> <span class='ocrx_word' id='word_1_52' title='bbox 593 908 833 972; x_wconf 87' lang='lat' dir='ltr'>tabernaculum</span> <span class='ocrx_word' id='word_1_53' title='bbox 860 911 1005 991; x_wconf 89' lang='lat' dir='ltr'>steterat,</span> <span class='ocrx_word' id='word_1_54' title='bbox 1035 909 1221 992; x_wconf 87' lang='lat' dir='ltr'>amiculum,</span> 
     </span>
     <span class='ocr_line' id='line_1_9' title="bbox 212 994 1221 1081; baseline 0.001 -22"><span class='ocrx_word' id='word_1_55' title='bbox 212 996 297 1080; x_wconf 92' lang='lat' dir='ltr'>quod</span> <span class='ocrx_word' id='word_1_56' title='bbox 319 994 457 1078; x_wconf 89' lang='lat' dir='ltr'>Dareus,</span> <span class='ocrx_word' id='word_1_57' title='bbox 490 996 573 1060; x_wconf 89' lang='lat' dir='ltr'>sicut</span> <span class='ocrx_word' id='word_1_58' title='bbox 597 997 695 1081; x_wconf 89' lang='lat' dir='ltr'>paulo</span> <span class='ocrx_word' id='word_1_59' title='bbox 725 999 800 1060; x_wconf 88' lang='lat' dir='ltr'>ante</span> <span class='ocrx_word' id='word_1_60' title='bbox 827 995 945 1060; x_wconf 90' lang='lat' dir='ltr'>dictum</span> <span class='ocrx_word' id='word_1_61' title='bbox 973 1000 1034 1080; x_wconf 89' lang='lat' dir='ltr'>est,</span> <span class='ocrx_word' id='word_1_62' title='bbox 1061 1017 1103 1060; x_wconf 92' lang='lat' dir='ltr'>ne</span> <span class='ocrx_word' id='word_1_63' title='bbox 1126 998 1221 1060; x_wconf 89' lang='lat' dir='ltr'>cultu</span> 
     </span>
     <span class='ocr_line' id='line_1_10' title="bbox 211 1083 1220 1168; baseline 0.001 -21"><span class='ocrx_word' id='word_1_64' title='bbox 211 1084 410 1168; x_wconf 75' lang='lat' dir='ltr'><strong>proderetur,</strong></span> <span class='ocrx_word' id='word_1_65' title='bbox 434 1083 607 1168; x_wconf 87' lang='lat' dir='ltr'>abiecerat,</span> <span class='ocrx_word' id='word_1_66' title='bbox 629 1085 664 1148; x_wconf 89' lang='lat' dir='ltr'>in</span> <span class='ocrx_word' id='word_1_67' title='bbox 686 1084 833 1148; x_wconf 90' lang='lat' dir='ltr'>manibus</span> <span class='ocrx_word' id='word_1_68' title='bbox 862 1085 941 1167; x_wconf 89' lang='lat' dir='ltr'>eius,</span> <span class='ocrx_word' id='word_1_69' title='bbox 974 1085 1029 1168; x_wconf 93' lang='lat' dir='ltr'>qui</span> <span class='ocrx_word' id='word_1_70' title='bbox 1050 1089 1220 1166; x_wconf 90' lang='lat' dir='ltr'>repertum</span> 
     </span>
     <span class='ocr_line' id='line_1_11' title="bbox 211 1170 1220 1257; baseline 0.001 -22"><span class='ocrx_word' id='word_1_71' title='bbox 211 1171 350 1255; x_wconf 88' lang='lat' dir='ltr'>ferebat,</span> <span class='ocrx_word' id='word_1_72' title='bbox 387 1173 520 1256; x_wconf 77' lang='lat' dir='ltr'>agnovit</span> <span class='ocrx_word' id='word_1_73' title='bbox 549 1177 701 1257; x_wconf 89' lang='lat' dir='ltr'>ratusque</span> <span class='ocrx_word' id='word_1_74' title='bbox 731 1170 899 1237; x_wconf 88' lang='lat' dir='ltr'>interfecto</span> <span class='ocrx_word' id='word_1_75' title='bbox 936 1171 1113 1236; x_wconf 90' lang='lat' dir='ltr'>detractum</span> <span class='ocrx_word' id='word_1_76' title='bbox 1147 1194 1220 1236; x_wconf 90' lang='lat' dir='ltr'>esse</span> 
     </span>
     <span class='ocr_line' id='line_1_12' title="bbox 170 1258 1220 1343; baseline 0.001 -20"><span class='ocrx_word' id='word_1_77' title='bbox 170 1266 193 1343; x_wconf 34' lang='grc'>,6</span> <span class='ocrx_word' id='word_1_78' title='bbox 211 1259 328 1324; x_wconf 89' lang='lat' dir='ltr'>falsum</span> <span class='ocrx_word' id='word_1_79' title='bbox 350 1260 499 1324; x_wconf 91' lang='lat' dir='ltr'>nuntium</span> <span class='ocrx_word' id='word_1_80' title='bbox 521 1261 634 1326; x_wconf 92' lang='lat' dir='ltr'>mortis</span> <span class='ocrx_word' id='word_1_81' title='bbox 658 1261 726 1326; x_wconf 91' lang='lat' dir='ltr'>eius</span> <span class='ocrx_word' id='word_1_82' title='bbox 748 1260 907 1326; x_wconf 87' lang='lat' dir='ltr'>attulerat.</span> <span class='ocrx_word' id='word_1_83' title='bbox 952 1258 1023 1324; x_wconf 93' lang='lat' dir='ltr'>Hoc</span> <span class='ocrx_word' id='word_1_84' title='bbox 1045 1261 1220 1326; x_wconf 85' lang='lat' dir='ltr'>mulierum</span> 
     </span>
     <span class='ocr_line' id='line_1_13' title="bbox 213 1346 1219 1432; baseline 0 -20"><span class='ocrx_word' id='word_1_85' title='bbox 213 1369 317 1412; x_wconf 90' lang='lat' dir='ltr'>errore</span> <span class='ocrx_word' id='word_1_86' title='bbox 345 1352 496 1432; x_wconf 90' lang='lat' dir='ltr'>conperto</span> <span class='ocrx_word' id='word_1_87' title='bbox 523 1348 705 1412; x_wconf 82' lang='lat' dir='ltr'>Alexander</span> <span class='ocrx_word' id='word_1_88' title='bbox 734 1347 881 1412; x_wconf 77' lang='lat' dir='ltr'>fortunae</span> <span class='ocrx_word' id='word_1_89' title='bbox 908 1346 1006 1411; x_wconf 86' lang='lat' dir='ltr'>Darei</span> <span class='ocrx_word' id='word_1_90' title='bbox 1038 1350 1070 1411; x_wconf 90' lang='lat' dir='ltr'>et</span> <span class='ocrx_word' id='word_1_91' title='bbox 1100 1349 1219 1431; x_wconf 87' lang='lat' dir='ltr'>pietati</span> 
     </span>
     <span class='ocr_line' id='line_1_14' title="bbox 212 1434 1219 1520; baseline 0 -20"><span class='ocrx_word' id='word_1_92' title='bbox 212 1457 321 1500; x_wconf 90' lang='lat' dir='ltr'>earum</span> <span class='ocrx_word' id='word_1_93' title='bbox 342 1437 561 1501; x_wconf 81' lang='lat' dir='ltr'>inlacrimasse</span> <span class='ocrx_word' id='word_1_94' title='bbox 583 1437 693 1501; x_wconf 88' lang='lat' dir='ltr'>fertur.</span> <span class='ocrx_word' id='word_1_95' title='bbox 738 1435 785 1499; x_wconf 88' lang='lat' dir='ltr'>Ac</span> <span class='ocrx_word' id='word_1_96' title='bbox 807 1436 910 1518; x_wconf 89' lang='lat' dir='ltr'>primo</span> <span class='ocrx_word' id='word_1_97' title='bbox 933 1434 1137 1519; x_wconf 79' lang='lat' dir='ltr'>Mithrenem,</span> <span class='ocrx_word' id='word_1_98' title='bbox 1161 1437 1219 1520; x_wconf 89' lang='lat' dir='ltr'>qui</span> 
     </span>
     <span class='ocr_line' id='line_1_15' title="bbox 213 1521 1218 1608; baseline 0 -20"><span class='ocrx_word' id='word_1_99' title='bbox 213 1521 320 1589; x_wconf 84' lang='lat' dir='ltr'>Sardis</span> <span class='ocrx_word' id='word_1_100' title='bbox 353 1524 540 1606; x_wconf 88' lang='lat' dir='ltr'>tradiderat,</span> <span class='ocrx_word' id='word_1_101' title='bbox 576 1523 714 1608; x_wconf 90' lang='lat' dir='ltr'>peritum</span> <span class='ocrx_word' id='word_1_102' title='bbox 745 1525 874 1608; x_wconf 82' lang='lat' dir='ltr'>linguae</span> <span class='ocrx_word' id='word_1_103' title='bbox 901 1522 1060 1608; x_wconf 86' lang='lat' dir='ltr'>Persicae,</span> <span class='ocrx_word' id='word_1_104' title='bbox 1093 1524 1142 1590; x_wconf 89' lang='lat' dir='ltr'>ire</span> <span class='ocrx_word' id='word_1_105' title='bbox 1175 1524 1218 1588; x_wconf 90' lang='lat' dir='ltr'>ad</span> 
     </span>
     <span class='ocr_line' id='line_1_16' title="bbox 178 1610 1218 1694; baseline -0.004 -16"><span class='ocrx_word' id='word_1_106' title='bbox 178 1618 192 1666; x_wconf 81' lang='grc'><strong>7</strong></span> <span class='ocrx_word' id='word_1_107' title='bbox 213 1613 422 1678; x_wconf 86' lang='lat' dir='ltr'>consolandas</span> <span class='ocrx_word' id='word_1_108' title='bbox 445 1633 498 1676; x_wconf 89' lang='lat' dir='ltr'>eas</span> <span class='ocrx_word' id='word_1_109' title='bbox 521 1613 665 1676; x_wconf 86' lang='lat' dir='ltr'>iusserat.</span> <span class='ocrx_word' id='word_1_110' title='bbox 704 1610 797 1676; x_wconf 87' lang='lat' dir='ltr'>Verit</span> <span class='ocrx_word' id='word_1_111' title='bbox 783 1615 835 1676; x_wconf 91' lang='lat' dir='ltr'>tus</span> <span class='ocrx_word' id='word_1_112' title='bbox 859 1611 984 1694; x_wconf 91' lang='lat' dir='ltr'>deinde,</span> <span class='ocrx_word' id='word_1_113' title='bbox 1007 1633 1048 1674; x_wconf 91' lang='lat' dir='ltr'>ne</span> <span class='ocrx_word' id='word_1_114' title='bbox 1070 1611 1218 1694; x_wconf 90' lang='lat' dir='ltr'>proditor</span> 
     </span>
     <span class='ocr_line' id='line_1_17' title="bbox 212 1698 1218 1801; baseline -0.002 -35"><span class='ocrx_word' id='word_1_115' title='bbox 212 1700 440 1786; x_wconf 84' lang='lat' dir='ltr'>captivarum</span> <span class='ocrx_word' id='word_1_116' title='bbox 430 1721 511 1764; x_wconf 81' lang='lat' dir='ltr'>rram</span> <span class='ocrx_word' id='word_1_117' title='bbox 530 1701 733 1801; x_wconf 81' lang='lat' dir='ltr'>doloremque</span> <span class='ocrx_word' id='word_1_118' title='bbox 755 1702 932 1782; x_wconf 84' lang='lat' dir='ltr'>renovaret,</span> <span class='ocrx_word' id='word_1_119' title='bbox 909 1698 1159 1764; x_wconf 89' lang='lat' dir='ltr'>tLeonnatum</span> <span class='ocrx_word' id='word_1_120' title='bbox 1176 1723 1218 1764; x_wconf 87' lang='lat' dir='ltr'>ex</span> 
     </span>
     <span class='ocr_line' id='line_1_18' title="bbox 215 1787 1218 1890; baseline -0.003 -37"><span class='ocrx_word' id='word_1_121' title='bbox 215 1789 398 1890; x_wconf 84' lang='lat' dir='ltr'>purpuratis</span> <span class='ocrx_word' id='word_1_122' title='bbox 421 1789 487 1853; x_wconf 89' lang='lat' dir='ltr'>suis</span> <span class='ocrx_word' id='word_1_123' title='bbox 509 1789 638 1870; x_wconf 92' lang='lat' dir='ltr'>misit‚&#39;</span> <span class='ocrx_word' id='word_1_124' title='bbox 629 1810 750 1854; x_wconf 81' lang='lat' dir='ltr'>iussum</span> <span class='ocrx_word' id='word_1_125' title='bbox 771 1787 921 1868; x_wconf 88' lang='lat' dir='ltr'>indicare,</span> <span class='ocrx_word' id='word_1_126' title='bbox 943 1787 1026 1852; x_wconf 87' lang='lat' dir='ltr'>falso</span> <span class='ocrx_word' id='word_1_127' title='bbox 1043 1788 1218 1852; x_wconf 86' lang='lat' dir='ltr'>lamentari</span> 
     </span>
     <span class='ocr_line' id='line_1_19' title="bbox 212 1875 1217 1961; baseline -0.001 -20"><span class='ocrx_word' id='word_1_128' title='bbox 212 1899 266 1941; x_wconf 89' lang='lat' dir='ltr'>eas</span> <span class='ocrx_word' id='word_1_129' title='bbox 283 1878 399 1941; x_wconf 86' lang='grc' dir='ltr'>ιιιιιιιι.</span> <span class='ocrx_word' id='word_1_130' title='bbox 433 1875 491 1942; x_wconf 91' lang='lat' dir='ltr'>Ille</span> <span class='ocrx_word' id='word_1_131' title='bbox 510 1898 582 1942; x_wconf 91' lang='lat' dir='ltr'>cum</span> <span class='ocrx_word' id='word_1_132' title='bbox 599 1878 708 1961; x_wconf 85' lang='lat' dir='ltr'>paucis</span> <span class='ocrx_word' id='word_1_133' title='bbox 727 1875 892 1959; x_wconf 85' lang='lat' dir='ltr'>armigeris</span> <span class='ocrx_word' id='word_1_134' title='bbox 911 1876 946 1939; x_wconf 94' lang='lat' dir='ltr'>in</span> <span class='ocrx_word' id='word_1_135' title='bbox 963 1875 1217 1956; x_wconf 87' lang='lat' dir='ltr'>tabernaculum,</span> 
     </span>
     <span class='ocr_line' id='line_1_20' title="bbox 212 1963 1217 2066; baseline -0.002 -38"><span class='ocrx_word' id='word_1_136' title='bbox 212 1965 331 2046; x_wconf 90' lang='lat' dir='ltr'>inquo</span> <span class='ocrx_word' id='word_1_137' title='bbox 355 1965 499 2048; x_wconf 81' lang='lat' dir='ltr'>captivae</span> <span class='ocrx_word' id='word_1_138' title='bbox 522 1970 627 2048; x_wconf 90' lang='lat' dir='ltr'>erant,</span> <span class='ocrx_word' id='word_1_139' title='bbox 655 1965 800 2066; x_wconf 80' lang='lat' dir='ltr'>pervenit</span> <span class='ocrx_word' id='word_1_140' title='bbox 822 1963 1016 2047; x_wconf 90' lang='lat' dir='ltr'>missumque</span> <span class='ocrx_word' id='word_1_141' title='bbox 1039 1985 1073 2026; x_wconf 90' lang='lat' dir='ltr'>se</span> <span class='ocrx_word' id='word_1_142' title='bbox 1097 1985 1116 2026; x_wconf 88' lang='lat' dir='ltr'>a</span> <span class='ocrx_word' id='word_1_143' title='bbox 1139 1984 1217 2048; x_wconf 84' lang='lat' dir='ltr'>rege</span> 
     </span>
     <span class='ocr_line' id='line_1_21' title="bbox 177 2051 1217 2136; baseline -0.001 -21"><span class='ocrx_word' id='word_1_144' title='bbox 177 2051 360 2115; x_wconf 86' lang='lat' dir='ltr'>8nuntiare</span> <span class='ocrx_word' id='word_1_145' title='bbox 382 2052 480 2117; x_wconf 87' lang='lat' dir='ltr'>iubet.</span> <span class='ocrx_word' id='word_1_146' title='bbox 524 2051 613 2117; x_wconf 85' lang='lat' dir='ltr'>At&#39;&#39;</span> <span class='ocrx_word' id='word_1_147' title='bbox 591 2076 628 2136; x_wconf 88' lang='lat'>11,</span> <span class='ocrx_word' id='word_1_148' title='bbox 660 2053 714 2136; x_wconf 91' lang='lat' dir='ltr'>qui</span> <span class='ocrx_word' id='word_1_149' title='bbox 736 2052 771 2116; x_wconf 90' lang='lat' dir='ltr'>in</span> <span class='ocrx_word' id='word_1_150' title='bbox 792 2054 862 2115; x_wconf 83' lang='lat' dir='ltr'>vest</span> <span class='ocrx_word' id='word_1_151' title='bbox 848 2051 949 2115; x_wconf 91' lang='lat' dir='ltr'>tibulo</span> <span class='ocrx_word' id='word_1_152' title='bbox 973 2055 1080 2133; x_wconf 88' lang='lat' dir='ltr'>erant,</span> <span class='ocrx_word' id='word_1_153' title='bbox 1106 2055 1145 2115; x_wconf 92' lang='lat' dir='ltr'>ut</span> <span class='ocrx_word' id='word_1_154' title='bbox 1169 2073 1217 2116; x_wconf 90' lang='lat' dir='ltr'>ar</span> 
     </span>
     <span class='ocr_line' id='line_1_22' title="bbox 213 2137 1217 2222; baseline 0.001 -21"><span class='ocrx_word' id='word_1_155' title='bbox 213 2141 319 2202; x_wconf 90' lang='lat' dir='ltr'>matos</span> <span class='ocrx_word' id='word_1_156' title='bbox 342 2159 546 2222; x_wconf 87' lang='lat' dir='ltr'>conspexere,</span> <span class='ocrx_word' id='word_1_157' title='bbox 571 2141 634 2205; x_wconf 91' lang='lat' dir='ltr'>rati</span> <span class='ocrx_word' id='word_1_158' title='bbox 657 2145 763 2204; x_wconf 90' lang='lat' dir='ltr'>actum</span> <span class='ocrx_word' id='word_1_159' title='bbox 786 2159 854 2202; x_wconf 88' lang='lat' dir='ltr'>esse</span> <span class='ocrx_word' id='word_1_160' title='bbox 877 2137 915 2202; x_wconf 91' lang='lat' dir='ltr'>de</span> <span class='ocrx_word' id='word_1_161' title='bbox 939 2138 1088 2221; x_wconf 92' lang='lat' dir='ltr'>dominis,</span> <span class='ocrx_word' id='word_1_162' title='bbox 1111 2139 1147 2202; x_wconf 94' lang='lat' dir='ltr'>in</span> <span class='ocrx_word' id='word_1_163' title='bbox 1170 2143 1217 2202; x_wconf 86' lang='lat' dir='ltr'>ta·</span> 
     </span>
     <span class='ocr_line' id='line_1_23' title="bbox 213 2225 1217 2309; baseline 0 -19"><span class='ocrx_word' id='word_1_164' title='bbox 213 2226 419 2290; x_wconf 89' lang='lat' dir='ltr'>bernaoulum</span> <span class='ocrx_word' id='word_1_165' title='bbox 451 2230 595 2309; x_wconf 83' lang='lat' dir='ltr'>currunt,</span> <span class='ocrx_word' id='word_1_166' title='bbox 627 2227 850 2308; x_wconf 87' lang='lat' dir='ltr'>vociferantes,</span> <span class='ocrx_word' id='word_1_167' title='bbox 886 2225 997 2291; x_wconf 90' lang='lat' dir='ltr'>adesse</span> <span class='ocrx_word' id='word_1_168' title='bbox 1034 2247 1217 2309; x_wconf 88' lang='lat' dir='ltr'>supremam</span> 
     </span>
     <span class='ocr_line' id='line_1_24' title="bbox 179 2313 1218 2399; baseline -0.001 -21"><span class='ocrx_word' id='word_1_169' title='bbox 179 2315 327 2379; x_wconf 67' lang='lat' dir='ltr'>choram</span> <span class='ocrx_word' id='word_1_170' title='bbox 353 2313 545 2397; x_wconf 90' lang='lat' dir='ltr'>missosque,</span> <span class='ocrx_word' id='word_1_171' title='bbox 577 2314 632 2399; x_wconf 93' lang='lat' dir='ltr'>qui</span> <span class='ocrx_word' id='word_1_172' title='bbox 660 2314 839 2379; x_wconf 90' lang='lat' dir='ltr'>occiderent</span> <span class='ocrx_word' id='word_1_173' title='bbox 861 2318 981 2397; x_wconf 88' lang='lat' dir='ltr'>captas.</span> <span class='ocrx_word' id='word_1_174' title='bbox 1024 2313 1150 2396; x_wconf 91' lang='lat' dir='ltr'>Itaque,</span> <span class='ocrx_word' id='word_1_175' title='bbox 1181 2316 1218 2378; x_wconf 92' lang='lat' dir='ltr'>ut</span> 
     </span>
     <span class='ocr_line' id='line_1_25' title="bbox 214 2401 1218 2487; baseline 0 -21"><span class='ocrx_word' id='word_1_176' title='bbox 214 2423 295 2487; x_wconf 90' lang='lat' dir='ltr'>quae</span> <span class='ocrx_word' id='word_1_177' title='bbox 325 2422 385 2466; x_wconf 89' lang='lat' dir='ltr'>nec</span> <span class='ocrx_word' id='word_1_178' title='bbox 409 2401 579 2484; x_wconf 90' lang='lat' dir='ltr'>prohibere</span> <span class='ocrx_word' id='word_1_179' title='bbox 604 2406 737 2487; x_wconf 87' lang='lat' dir='ltr'>possent</span> <span class='ocrx_word' id='word_1_180' title='bbox 767 2423 826 2466; x_wconf 92' lang='lat' dir='ltr'>nec</span> <span class='ocrx_word' id='word_1_181' title='bbox 858 2401 1025 2466; x_wconf 87' lang='lat' dir='ltr'>admittere</span> <span class='ocrx_word' id='word_1_182' title='bbox 1052 2401 1218 2484; x_wconf 88' lang='lat' dir='ltr'>auderent,</span> 
     </span>
     <span class='ocr_line' id='line_1_26' title="bbox 213 2489 1217 2576; baseline 0 -22"><span class='ocrx_word' id='word_1_183' title='bbox 213 2491 302 2555; x_wconf 93' lang='lat' dir='ltr'>nullo</span> <span class='ocrx_word' id='word_1_184' title='bbox 329 2511 484 2576; x_wconf 77' lang='lat' dir='ltr'>responso</span> <span class='ocrx_word' id='word_1_185' title='bbox 508 2490 583 2555; x_wconf 92' lang='lat' dir='ltr'>dato</span> <span class='ocrx_word' id='word_1_186' title='bbox 605 2491 722 2556; x_wconf 83' lang='lat' dir='ltr'>tacitae</span> <span class='ocrx_word' id='word_1_187' title='bbox 745 2489 991 2573; x_wconf 87' lang='lat' dir='ltr'>opperiebantur</span> <span class='ocrx_word' id='word_1_188' title='bbox 1013 2490 1142 2555; x_wconf 83' lang='lat' dir='ltr'>victoris</span> <span class='ocrx_word' id='word_1_189' title='bbox 1168 2513 1217 2554; x_wconf 90' lang='lat' dir='ltr'>ar·</span> 
     </span>
     <span class='ocr_line' id='line_1_27' title="bbox 164 2577 1217 2664; baseline -0.004 -19"><span class='ocrx_word' id='word_1_190' title='bbox 164 2586 195 2633; x_wconf 93' lang='lat'>10</span> <span class='ocrx_word' id='word_1_191' title='bbox 214 2580 354 2645; x_wconf 91' lang='lat' dir='ltr'>bitrium</span> <span class='ocrx_word' id='word_1_192' title='bbox 399 2577 596 2664; x_wconf 85' lang='lat' dir='ltr'>Leonnatus,</span> <span class='ocrx_word' id='word_1_193' title='bbox 623 2582 788 2662; x_wconf 84' lang='lat' dir='ltr'>expectato</span> <span class='ocrx_word' id='word_1_194' title='bbox 812 2577 878 2661; x_wconf 90' lang='lat' dir='ltr'>diu,</span> <span class='ocrx_word' id='word_1_195' title='bbox 901 2579 956 2661; x_wconf 89' lang='lat' dir='ltr'>qui</span> <span class='ocrx_word' id='word_1_196' title='bbox 979 2599 1012 2642; x_wconf 92' lang='lat' dir='ltr'>se</span> <span class='ocrx_word' id='word_1_197' title='bbox 1034 2577 1217 2642; x_wconf 89' lang='lat' dir='ltr'>introduce-</span> 
     </span>
     <span class='ocr_line' id='line_1_28' title="bbox 213 2665 1217 2768; baseline -0.003 -36"><span class='ocrx_word' id='word_1_198' title='bbox 213 2671 275 2750; x_wconf 84' lang='lat' dir='ltr'>ret,</span> <span class='ocrx_word' id='word_1_199' title='bbox 297 2671 468 2752; x_wconf 89' lang='lat' dir='ltr'>postquam</span> <span class='ocrx_word' id='word_1_200' title='bbox 489 2688 583 2732; x_wconf 90' lang='lat' dir='ltr'>nemo</span> <span class='ocrx_word' id='word_1_201' title='bbox 605 2667 774 2768; x_wconf 84' lang='lat' dir='ltr'>procedere</span> <span class='ocrx_word' id='word_1_202' title='bbox 793 2665 942 2749; x_wconf 86' lang='lat' dir='ltr'>audebat,</span> <span class='ocrx_word' id='word_1_203' title='bbox 965 2665 1115 2730; x_wconf 88' lang='lat' dir='ltr'>relictis</span> <span class='ocrx_word' id='word_1_204' title='bbox 1106 2687 1141 2728; x_wconf 91' lang='lat' dir='ltr'>m</span> <span class='ocrx_word' id='word_1_205' title='bbox 1164 2687 1217 2729; x_wconf 88' lang='lat' dir='ltr'>ve·</span> 
     </span>
     <span class='ocr_line' id='line_1_29' title="bbox 215 2752 1218 2836; baseline -0.002 -17"><span class='ocrx_word' id='word_1_206' title='bbox 215 2755 333 2819; x_wconf 94' lang='lat' dir='ltr'>stibulo</span> <span class='ocrx_word' id='word_1_207' title='bbox 365 2756 555 2820; x_wconf 90' lang='lat' dir='ltr'>satellitibus</span> <span class='ocrx_word' id='word_1_208' title='bbox 581 2755 683 2819; x_wconf 86' lang='lat' dir='ltr'>intrat</span> <span class='ocrx_word' id='word_1_209' title='bbox 708 2755 743 2818; x_wconf 90' lang='lat' dir='ltr'>in</span> <span class='ocrx_word' id='word_1_210' title='bbox 768 2753 1018 2818; x_wconf 89' lang='lat' dir='ltr'>tabernaculum.</span> <span class='ocrx_word' id='word_1_211' title='bbox 1067 2752 1153 2817; x_wconf 87' lang='lat' dir='ltr'>Ea&#39;</span> <span class='ocrx_word' id='word_1_212' title='bbox 1143 2775 1218 2836; x_wconf 80' lang='lat' dir='ltr'>ipsa</span> 
     </span>
     <span class='ocr_line' id='line_1_30' title="bbox 214 2835 1217 2995; baseline -0.002 -89"><span class='ocrx_word' id='word_1_213' title='bbox 214 2865 265 2907; x_wconf 91' lang='lat' dir='ltr'>res</span> <span class='ocrx_word' id='word_1_214' title='bbox 288 2842 474 2908; x_wconf 81' lang='lat' dir='ltr'>turbaverat</span> <span class='ocrx_word' id='word_1_215' title='bbox 494 2843 642 2927; x_wconf 86' lang='lat' dir='ltr'>feminas,</span> <span class='ocrx_word' id='word_1_216' title='bbox 655 2835 793 2995; x_wconf 76' lang='lat' dir='ltr'>tquod</span> <span class='ocrx_word' id='word_1_217' title='bbox 783 2842 941 2925; x_wconf 91' lang='lat' dir='ltr'>mrupisse</span> <span class='ocrx_word' id='word_1_218' title='bbox 968 2863 1035 2905; x_wconf 92' lang='lat' dir='ltr'>non</span> <span class='ocrx_word' id='word_1_219' title='bbox 1059 2841 1217 2905; x_wconf 88' lang='lat' dir='ltr'>admissus</span> 
     </span>
     <span class='ocr_line' id='line_1_31' title="bbox 164 2928 1218 3029; baseline -0.003 -34"><span class='ocrx_word' id='word_1_220' title='bbox 164 2938 195 2985; x_wconf 83' lang='lat'>11</span> <span class='ocrx_word' id='word_1_221' title='bbox 219 2930 348 2995; x_wconf 79' lang='lat' dir='ltr'>ridebat</span> <span class='ocrx_word' id='word_1_222' title='bbox 348 2952 395 2994; x_wconf 92' lang='lat' dir='ltr'>ur.</span> <span class='ocrx_word' id='word_1_223' title='bbox 451 2930 564 3014; x_wconf 90' lang='lat' dir='ltr'>Itaque</span> <span class='ocrx_word' id='word_1_224' title='bbox 602 2935 669 2996; x_wconf 88' lang='lat' dir='ltr'>mat</span> <span class='ocrx_word' id='word_1_225' title='bbox 670 2952 704 2994; x_wconf 90' lang='lat' dir='ltr'>er</span> <span class='ocrx_word' id='word_1_226' title='bbox 742 2934 774 2994; x_wconf 92' lang='lat' dir='ltr'>et</span> <span class='ocrx_word' id='word_1_227' title='bbox 812 2929 927 2993; x_wconf 87' lang='lat' dir='ltr'>coniux</span> <span class='ocrx_word' id='word_1_228' title='bbox 956 2929 1143 3029; x_wconf 83' lang='lat' dir='ltr'>provolutae</span> <span class='ocrx_word' id='word_1_229' title='bbox 1177 2928 1218 2992; x_wconf 92' lang='lat' dir='ltr'>ad</span> 
     </span>
     <span class='ocr_line' id='line_1_32' title="bbox 214 3017 1217 3103; baseline -0.005 -20"><span class='ocrx_word' id='word_1_230' title='bbox 214 3018 311 3102; x_wconf 89' lang='lat' dir='ltr'>pedes</span> <span class='ocrx_word' id='word_1_231' title='bbox 338 3039 428 3083; x_wconf 87' lang='lat' dir='ltr'>orare</span> <span class='ocrx_word' id='word_1_232' title='bbox 452 3023 636 3102; x_wconf 90' lang='lat' dir='ltr'>coeperunt,</span> <span class='ocrx_word' id='word_1_233' title='bbox 667 3023 716 3103; x_wconf 90' lang='lat' dir='ltr'>ut,</span> <span class='ocrx_word' id='word_1_234' title='bbox 747 3018 932 3102; x_wconf 89' lang='lat' dir='ltr'>priusquam</span> <span class='ocrx_word' id='word_1_235' title='bbox 953 3017 1217 3099; x_wconf 87' lang='lat' dir='ltr'>interficerentur,</span> 
     </span>
     <span class='ocr_line' id='line_1_33' title="bbox 214 3104 1217 3191; baseline -0.002 -21"><span class='ocrx_word' id='word_1_236' title='bbox 214 3106 313 3170; x_wconf 90' lang='lat' dir='ltr'>Darei</span> <span class='ocrx_word' id='word_1_237' title='bbox 339 3127 453 3190; x_wconf 89' lang='lat' dir='ltr'>corpus</span> <span class='ocrx_word' id='word_1_238' title='bbox 483 3107 561 3191; x_wconf 89' lang='lat' dir='ltr'>ipsis</span> <span class='ocrx_word' id='word_1_239' title='bbox 588 3107 693 3191; x_wconf 89' lang='lat' dir='ltr'>patrio</span> <span class='ocrx_word' id='word_1_240' title='bbox 721 3127 809 3170; x_wconf 90' lang='lat' dir='ltr'>more</span> <span class='ocrx_word' id='word_1_241' title='bbox 841 3105 974 3188; x_wconf 91' lang='lat' dir='ltr'>sepelire</span> <span class='ocrx_word' id='word_1_242' title='bbox 1002 3104 1217 3187; x_wconf 86' lang='lat' dir='ltr'>permitteret:</span> 
     </span>
     <span class='ocr_line' id='line_1_34' title="bbox 215 3192 1218 3280; baseline -0.003 -22"><span class='ocrx_word' id='word_1_243' title='bbox 215 3195 341 3258; x_wconf 87' lang='lat' dir='ltr'>functas</span> <span class='ocrx_word' id='word_1_244' title='bbox 374 3216 520 3277; x_wconf 91' lang='lat' dir='ltr'>supremo</span> <span class='ocrx_word' id='word_1_245' title='bbox 547 3194 582 3257; x_wconf 94' lang='lat' dir='ltr'>in</span> <span class='ocrx_word' id='word_1_246' title='bbox 607 3215 716 3280; x_wconf 79' lang='lat' dir='ltr'>regem</span> <span class='ocrx_word' id='word_1_247' title='bbox 743 3193 848 3259; x_wconf 90' lang='lat' dir='ltr'>officio</span> <span class='ocrx_word' id='word_1_248' title='bbox 872 3193 1000 3277; x_wconf 68' lang='lat' dir='ltr'>⁴inpigre</span> <span class='ocrx_word' id='word_1_249' title='bbox 1028 3213 1097 3257; x_wconf 89' lang='lat' dir='ltr'>sese</span> <span class='ocrx_word' id='word_1_250' title='bbox 1123 3192 1218 3264; x_wconf 86' lang='lat' dir='ltr'>mori-</span> 
     </span>
     <span class='ocr_line' id='line_1_35' title="bbox 164 3280 1217 3363; baseline -0.002 -18"><span class='ocrx_word' id='word_1_251' title='bbox 164 3288 196 3335; x_wconf 81' lang='lat'>12</span> <span class='ocrx_word' id='word_1_252' title='bbox 215 3286 313 3346; x_wconf 88' lang='lat' dir='ltr'>turas.</span> <span class='ocrx_word' id='word_1_253' title='bbox 349 3282 395 3348; x_wconf 78' lang='lat' dir='ltr'>Ar</span> <span class='ocrx_word' id='word_1_254' title='bbox 415 3282 613 3346; x_wconf 89' lang='lat' dir='ltr'>Leonnatus:</span> <span class='ocrx_word' id='word_1_255' title='bbox 641 3287 673 3347; x_wconf 93' lang='lat' dir='ltr'>et</span> <span class='ocrx_word' id='word_1_256' title='bbox 695 3283 800 3347; x_wconf 82' lang='lat' dir='ltr'>rivere</span> <span class='ocrx_word' id='word_1_257' title='bbox 823 3280 964 3344; x_wconf 89' lang='lat' dir='ltr'>Dareum</span> <span class='ocrx_word' id='word_1_258' title='bbox 987 3284 1019 3344; x_wconf 92' lang='lat' dir='ltr'>et</span> <span class='ocrx_word' id='word_1_259' title='bbox 1040 3281 1127 3363; x_wconf 76' lang='lat' dir='ltr'>ipsas</span> <span class='ocrx_word' id='word_1_260' title='bbox 1150 3301 1217 3344; x_wconf 92' lang='lat' dir='ltr'>non</span> 
     </span>
     <span class='ocr_line' id='line_1_36' title="bbox 214 3367 1217 3455; baseline -0.004 -21"><span class='ocrx_word' id='word_1_261' title='bbox 214 3371 389 3434; x_wconf 88' lang='lat' dir='ltr'>incolumes</span> <span class='ocrx_word' id='word_1_262' title='bbox 408 3370 513 3453; x_wconf 90' lang='lat' dir='ltr'>modo,</span> <span class='ocrx_word' id='word_1_263' title='bbox 536 3370 706 3433; x_wconf 91' lang='lat' dir='ltr'>sedetiam</span> <span class='ocrx_word' id='word_1_264' title='bbox 725 3371 881 3455; x_wconf 88' lang='lat' dir='ltr'>apparatu</span> <span class='ocrx_word' id='word_1_265' title='bbox 898 3368 1052 3451; x_wconf 91' lang='lat' dir='ltr'>pristinae</span> <span class='ocrx_word' id='word_1_266' title='bbox 1070 3367 1217 3432; x_wconf 89' lang='lat' dir='ltr'>fortunae</span> 
     </span>
     <span class='ocr_line' id='line_1_37' title="bbox 214 3455 1217 3544; baseline -0.004 -22"><span class='ocrx_word' id='word_1_267' title='bbox 214 3458 342 3544; x_wconf 81' lang='lat' dir='ltr'>reginas</span> <span class='ocrx_word' id='word_1_268' title='bbox 374 3458 451 3524; x_wconf 84' lang='lat' dir='ltr'>fore.</span> <span class='ocrx_word' id='word_1_269' title='bbox 495 3458 577 3523; x_wconf 80' lang='lat' dir='ltr'>Tum</span> <span class='ocrx_word' id='word_1_270' title='bbox 609 3458 736 3522; x_wconf 91' lang='lat' dir='ltr'>demum</span> <span class='ocrx_word' id='word_1_271' title='bbox 761 3457 859 3521; x_wconf 89' lang='lat' dir='ltr'>Darei</span> <span class='ocrx_word' id='word_1_272' title='bbox 888 3459 989 3520; x_wconf 89' lang='lat' dir='ltr'>mater</span> <span class='ocrx_word' id='word_1_273' title='bbox 1017 3455 1156 3519; x_wconf 80' lang='lat' dir='ltr'>adlevari</span> <span class='ocrx_word' id='word_1_274' title='bbox 1183 3477 1217 3518; x_wconf 91' lang='lat' dir='ltr'>se</span> 
     </span>
     <span class='ocr_line' id='line_1_38' title="bbox 238 3551 391 3612; baseline -0.013 0"><span class='ocrx_word' id='word_1_275' title='bbox 238 3569 311 3612; x_wconf 90' lang='lat' dir='ltr'>assa</span> <span class='ocrx_word' id='word_1_276' title='bbox 334 3551 391 3611; x_wconf 90' lang='lat' dir='ltr'>est.</span> 
     </span>
     <span class='ocr_line' id='line_1_39' title="bbox 164 3569 1252 3719; baseline -0.012 -19"><span class='ocrx_word' id='word_1_277' title='bbox 164 3569 236 3686; x_wconf 75' lang='lat' dir='ltr'>13p</span> <span class='ocrx_word' id='word_1_278' title='bbox 302 3634 483 3699; x_wconf 85' lang='lat' dir='ltr'>Alexander</span> <span class='ocrx_word' id='word_1_279' title='bbox 504 3637 633 3719; x_wconf 90' lang='lat' dir='ltr'>postero</span> <span class='ocrx_word' id='word_1_280' title='bbox 652 3633 702 3700; x_wconf 89' lang='lat' dir='ltr'>die</span> <span class='ocrx_word' id='word_1_281' title='bbox 721 3654 793 3697; x_wconf 91' lang='lat' dir='ltr'>cum</span> <span class='ocrx_word' id='word_1_282' title='bbox 811 3652 887 3696; x_wconf 89' lang='lat' dir='ltr'>cura</span> <span class='ocrx_word' id='word_1_283' title='bbox 905 3631 1037 3714; x_wconf 88' lang='lat' dir='ltr'>sepultis</span> <span class='ocrx_word' id='word_1_284' title='bbox 1055 3629 1217 3714; x_wconf 88' lang='lat' dir='ltr'>militibus,</span> <span class='ocrx_word' id='word_1_285' title='bbox 1226 3624 1252 3691; x_wconf 84' lang='lat'>31</span> 
     </span>
    </p>
   </div>
   <div class='ocr_carea' id='block_1_3' title="bbox 0 0 1280 4103">
    <p class='ocr_par' dir='ltr' id='par_1_3' title="bbox 0 0 1280 4103">
     <span class='ocr_line' id='line_1_40' title="bbox 0 0 1280 4103; baseline 0 0"><span class='ocrx_word' id='word_1_286' title='bbox 0 0 1280 4103; x_wconf 95' lang='lat' dir='ltr'> </span> 
     </span>
    </p>
   </div>
  </div>
 </body>
</html>
