2600 4096
304 241 557 298 HISTORIARUM
574 241 788 299 ALEXANDRI
805 247 865 317 VH,
881 256 905 305 2.
1041 247 1104 310 155

97 386 274 451 stituerunt
294 387 400 470 prima
421 387 492 452 lnce
516 386 556 451 ad
574 385 820 451 Parmenionem
844 388 942 453 coire:
965 410 1103 474 namque

96 475 209 539 ceteris
243 496 369 559 quoque
396 475 523 540 litteras
545 477 633 560 regis
661 476 825 541 attulerat.
869 475 939 540 Iam
966 477 1104 542 adeum

96 562 225 628 venturi
253 566 358 646 erant,
385 585 458 628 cum
481 563 687 629 Parmenioni
710 564 949 647 Polydamanta
975 565 1102 630 venisse

94 651 333 716 nuntiaverunt.
375 649 438 728 Qui
457 651 531 716 dum
550 651 691 716 12222221·
709 652 848 718 adventu
868 653 974 738 amici,
995 653 1103 718 211221-
1122 668 1152 716 21

94 761 156 824 222
174 739 338 822 22222221,
361 761 442 824 quae
460 761 517 804 rex
536 743 656 825 ageret,
675 740 786 805 avidus
808 777 846 788 -
867 741 985 826 quippe
1003 741 1103 826 longo

94 827 268 892 intervallo
290 828 413 892 nullam
436 827 477 892 ab
501 849 538 894 eo
561 828 733 912 epistolam
757 832 925 912 acceperat
949 865 985 878 -
1010 829 1104 914 Poly·

93 915 250 980 (lamenta
272 916 393 1000 requiri
409 916 509 980 iubet
548 915 741 982 Deversoria
762 918 907 1001 regionis
929 918 1156 983 111122122-22

95 1024 179 1089 gnos
194 1025 338 1069 recessus
352 1004 475 1069 babent
488 1026 704 1089 amoenosque
716 1006 901 1071 nemoribus
914 1028 1012 1072 manu
1030 1029 1104 1072 con-

93 1093 183 1157 sitis:
203 1113 241 1156 22
259 1093 428 1176 praecipue
446 1113 559 1177 regum
578 1097 844 1178 satraparumque
862 1094 1012 1179 voluptas
1027 1099 1105 1160 2222

96 1179 310 1264 Spatiabatur
329 1181 364 1245 in
381 1202 512 1246 nemore
523 1179 723 1246 'Parmenion
746 1182 869 1247 medius
891 1182 977 1247 inter
999 1183 1104 1268 duces,
1123 1198 1157 1247 22

94 1270 214 1353 quibus
242 1273 313 1334 erat
340 1270 536 1353 imperatum
563 1270 683 1334 litteris
714 1271 817 1356 regis,
847 1273 884 1334 ut
916 1271 1105 1337 2221222222

95 1357 251 1442 Agendae
275 1361 382 1423 autem
404 1359 453 1422 rei
471 1358 859 1442 22222122222222212222,
881 1379 955 1423 cum
976 1358 1105 1424 Parme-

94 1445 172 1510 nion
196 1468 217 1510 a
238 1445 472 1530 Polydamante
498 1446 624 1511 litteras
646 1445 783 1512 22221222
806 1447 914 1530 legere
937 1448 1105 1530 coepisset

94 1533 291 1618 Polydamas
310 1535 422 1617 procul
439 1535 582 1618 veniens,
600 1539 637 1600 22
652 1558 672 1598 2
685 1534 896 1600 Ρ2212221222
914 1539 1104 1618 conspectus
1123 1551 1158 1599 21

95 1627 154 1704 222,
178 1623 271 1686 vultu
293 1623 440 1688 laetitiae
459 1623 597 1706 speciem
620 1623 820 1707 praeferente
844 1624 885 1688 ad
904 1624 1102 1707 conplecten-

98 1711 173 1775 dum
196 1732 271 1774 eum
289 1711 430 1775 cucurrit
447 1715 622 1795 mutuaque
640 1711 858 1796 gratulatione
876 1711 989 1794 122221,
1011 1711 1106 1795 Poly·

94 1799 209 1864 damas
238 1799 409 1882 epistolam
433 1822 453 1864 2
474 1819 551 1883 rege
574 1799 728 1882 scriptam
751 1801 780 1864 ei
802 1800 949 1883 tradidit,
978 1799 1106 1864 Parme
1124 1813 1158 1862 22

96 1888 174 1952 2122
196 1887 360 1952 vinculum
384 1887 550 1988 epistolae
562 1887 690 1952 solvens
697 1888 882 2040 ,quidnam
905 1908 962 1952 rex
985 1891 1106 1973 ageret,

94 1975 292 2060 requirebat.
268 1975 394 2039 tIlle
424 1997 462 2039 ex
489 1975 568 2059 ipsis
596 1975 714 2040 litteris
738 1976 849 2060 cognit
849 1998 943 2039 urum
966 1997 1037 2041 2222
1059 1997 1106 2040 12-

95 2065 236 2148 spondit
280 2062 405 2139 Quibus
428 2062 623 2128 Parmenion
645 2065 752 2154 lectis,
775 2063 867 2128 Rex'
867 2062 1052 2149 ,inquit,
1054 2087 1105 2128 ex·
1124 2078 1158 2127 22

96 2152 296 2237 peditionem
317 2152 444 2236 parat
434 2174 469 2216 12
491 2152 697 2218 Arachosios.
743 2115 916 2218 Strenuum
941 2153 1106 2218 hominem

96 2245 131 2304 t
96 2262 325 2324 numquam
344 2241 537 2306 cessanteml
573 2237 636 2305 Sed
654 2244 782 2324 tempus
802 2241 901 2307 saluti
920 2263 996 2306 2222
1014 2245 1107 2306 tanta

96 2330 162 2393 iam
185 2333 280 2412 parta
303 2328 409 2413 gloria
434 2349 575 2412 parcere.
623 2329 771 2394 Alteram
799 2330 911 2394 deinde
934 2331 1106 2413 epistolam
1125 2345 1158 2393 22

96 2416 247 2482 Philotae
264 2417 395 2482 nomine
414 2417 566 2500 scriptam
585 2417 701 2501 laetus,
723 2418 807 2502 2222
831 2441 869 2482 211
887 2419 980 2482 vultu
999 2418 1105 2482 notari

97 2509 243 2590 poterat,
263 2504 403 2590 legebat.
448 2505 531 2569 Tum
549 2506 616 2570 2122
634 2506 720 2570 12222
740 2506 849 2590 gladio
867 2504 976 2569 haurit
994 2502 1106 2569 Clean·

98 2594 169 2677 der,
202 2592 316 2658 deinde
348 2593 496 2678 iugulum
521 2592 610 2659 ferit:
642 2594 740 2658 222221
772 2593 953 2656 2222121212
981 2614 1107 2675 222222

67 2681 297 2765 92221221222
341 2680 388 2746 At
410 2682 576 2767 armigeri,
602 2684 658 2766 qui
681 2681 722 2746 ad
744 2682 867 2745 aditum
889 2679 1032 2744 nemoris
1055 2680 1107 2744 22·
1126 2695 1160 2746 28

99 2771 264 2854 221222222,
292 2771 423 2855 cognita
450 2770 560 2854 caede,
586 2771 797 2834 2212222222
824 2768 1047 2852 ignorabatur,
1074 2769 1108 2832 in

100 2863 208 2924 eastra
230 2859 423 2941 perveniunt
445 2863 479 2923 22
500 2858 701 2923 tumultuoso
723 2857 839 2922 nuntio
861 2856 982 2921 milites
1005 2859 1108 2922 22221-

98 2951 180 3012 tant.
220 2945 273 3012 Illi
296 2947 410 3011 armati
435 2947 620 3030 22222122,
643 2946 677 3010 in
700 2966 763 3030 quo
785 2947 972 3028 perpetrata
995 2945 1107 3009 caedes
1127 2961 1160 3010 22

100 3035 179 3114 erat,
203 3038 319 3100 coeunt
336 3038 378 3118 et,
399 3035 434 3099 ni
451 3033 644 3118 Polydamas
663 3033 824 3118 ceterique
843 3033 987 3099 ciusdem
1004 3054 1108 3098 noxae

100 3124 277 3208 participes
296 3123 463 3206 dedantur,
481 3143 608 3186 murum
631 3122 863 3187 circumdatum
880 3122 1005 3187 nemori
1023 3143 1110 3185 ever·

100 3234 194 3278 suros
222 3211 414 3276 denuntiant
440 3211 645 3295 omniumque
673 3211 827 3296 sanguine
859 3211 932 3275 duci
961 3213 1109 3293 parenta-

2 3299 3 3352 1
101 3305 202 3366 22222.
239 3297 1162 3402 0122222222112212222121212212121221222211122222-30

2 3421 3 3434 ¹
103 3410 219 3475 rusque
239 3388 326 3473 regis
344 3389 445 3490 script
447 3410 482 3452 22
430 3387 542 3452 222
560 3387 682 3452 milites
697 3388 821 3472 recitat,
839 3387 955 3471 quibus
973 3387 1110 3451 insidiae

2 3477 3 3500 ¹
100 3476 353 3543 Parmenionis
344 3499 379 3541 12
395 3497 507 3562 regem
524 3497 707 3560 precesque,
724 3478 788 3540 22
778 3497 886 3578 ipsum
901 3475 1110 3557 vindicarent,

2 3621 3 3658 ,
100 3566 357 3632 continebantur.
411 3564 517 3650 Igitur
554 3565 685 3650 cognita
720 3565 808 3648 regis
845 3564 1010 3628 voluntate
1044 3579 1159 3627 nonar

2 3689 3 3692 ¹
101 3655 230 3739 quidem
258 3653 418 3738 indignat
409 3675 454 3737 12,
487 3653 583 3718 2222
585 3675 678 3717 amen
706 3653 821 3718 2221212
851 3672 1025 3735 conpressa
1052 3653 1110 3714 222.
