2582 4098
298 188 552 245 HISTORIARUM
570 191 782 245 ALEXANDRI
800 189 848 261 VI,
866 196 891 246 9.
1035 191 1096 254 137

91 333 188 398 robis
212 337 339 415 ereptus
363 355 446 399 sum:
479 335 572 400 deum
595 335 795 418 providentia
823 338 856 398 et
880 335 1099 400 misericordia

92 421 177 485 vivo.
223 418 484 505 Conspectusque
506 424 606 488 vestri
628 423 820 488 venerabilis
843 424 963 508 coegit,
985 427 1022 489 ut
1046 445 1099 488 ve-

92 509 277 573 hementius
309 511 477 592 parricidis
508 511 676 595 irascerer,
712 511 863 595 quoniam
899 513 1099 596 praecipuus,

91 598 194 662 immo
213 619 295 662 unus
312 598 399 662 vitae
417 620 507 663 meae
525 599 648 664 fructus
666 602 730 683 est,
747 604 799 665 tot
815 599 1001 665 fortissimis
1019 600 1098 664 viris

91 689 128 750 et
146 685 185 750 de
204 707 255 750 me
274 687 394 769 optime
412 687 537 752 meritis
560 687 679 753 referre
698 688 800 752 adhuc
823 689 963 772 gratiam
982 687 1099 771 posse'.

91 773 273 857 Interrupit
291 775 472 840 orationem
489 775 630 840 militum
649 777 789 860 gemitus
808 777 1004 861 obortaeque
1024 780 1134 841 sunta

92 861 243 928 omnibus
257 861 419 928 lacrimae.
454 863 537 928 Tum
550 885 616 946 rex,
630 863 791 948 ‘Quanto',
804 865 919 949 inquit,
933 865 1099 930 ‘maiorem

90 950 128 1014 in
154 949 270 1014 animis
292 951 409 1015 vestris
431 955 555 1016 motum
579 951 739 1029 excitabo,
769 973 840 1017 cum
863 954 947 1018 tanti
969 954 1099 1018 sceleris

91 1042 242 1104 auctores
256 1038 438 1103 ostendero!
453 1061 588 1124 quorum
602 1041 797 1105 mentionem
809 1041 913 1106 adhuc
925 1043 1098 1106 reformido

91 1130 141 1211 et,
168 1130 333 1210 tamquam
360 1127 442 1191 salvi
469 1149 538 1193 esse
564 1129 703 1212 possint,
729 1130 914 1195 nominibus
942 1131 1099 1195 abstineo.

91 1212 157 1278 Sed
178 1215 334 1279 vincenda
354 1218 403 1280 est
425 1217 580 1281 memoria
596 1217 754 1300 pristinae
772 1218 917 1282 caritatis
941 1223 974 1282 et
992 1220 1136 1284 conius

90 1303 179 1368 ratio
199 1303 360 1386 inpiorum
374 1304 493 1368 civium
511 1303 696 1389 detegenda.
729 1305 895 1381 Quomodo
910 1310 1018 1370 autem
1031 1311 1100 1370 tan-

89 1395 165 1456 tum
181 1391 273 1456 nefas
292 1391 428 1456 sileam?
456 1392 640 1477 Parmenio,
658 1393 715 1458 illa
733 1397 853 1478 aetate,
871 1397 922 1458 tot
937 1395 1032 1478 meis,
1049 1399 1100 1459 tot

89 1479 237 1564 parentis
261 1480 324 1544 mei
347 1480 471 1544 meritis
495 1481 677 1568 devinctus,
701 1483 843 1546 omnium
865 1483 959 1547 nobis
983 1483 1099 1547 amico-

89 1589 166 1631 rum
193 1568 445 1651 vetustissimus,
476 1569 588 1634 ducem
616 1591 651 1634 sc
682 1570 796 1635 sceleri
822 1574 915 1635 tanto
942 1571 1099 1654 praebuit.

89 1655 244 1720 Minister
275 1656 345 1720 eius
371 1654 519 1721 Philotas
545 1655 740 1722 Peucolaum
774 1661 806 1722 et
832 1657 1034 1724 Demetrium
1066 1662 1135 1724 eto

90 1744 180 1808 hunc
210 1743 388 1827 Dymnum,
426 1745 514 1809 cuius
548 1767 662 1828 corpus
699 1746 880 1829 adspicitis‚
914 1750 1099 1830 ceterosque

26 1842 79 1907 33
92 1832 236 1896 eiusdem
255 1833 415 1897 amentiae
436 1833 472 1896 in
490 1837 587 1918 caput
608 1855 716 1899 mcum
735 1834 944 1902 subomavit’.
978 1835 1098 1899 Fremi-
1118 1853 1134 1902 6

90 1925 150 1984 tus
166 1920 305 2004 undiquc
323 1921 558 2004 indignantium
578 1922 842 2005 querentiumque
861 1927 932 1988 tota
950 1924 1099 1988 contione

92 2009 317 2092 obstrepebat,
340 2010 446 2093 qualis
469 2010 552 2074 solet
575 2031 643 2073 esse
666 2011 884 2076 multitudinis
906 2015 940 2076 et
962 2011 1098 2076 maxime

91 2097 261 2181 militaris,
285 2097 342 2161 ubi
365 2101 421 2161 aut
444 2097 551 2161 studio
574 2098 681 2182 agitur
704 2101 761 2162 aut
783 2099 840 2165 ira.
881 2099 1098 2165 Nicomachus
1118 2117 1132 2166 r

91 2183 211 2249 deinde
232 2189 265 2250 et
282 2184 410 2249 Metron
429 2190 461 2250 et
479 2183 652 2250 Cebalinus
674 2186 837 2270 producti,
860 2209 941 2272 quae
965 2189 1098 2272 quisque

91 2271 268 2356 detulerat,
295 2277 466 2357 exponunt.
515 2273 645 2338 Nullius
673 2296 784 2340 eorum
810 2277 929 2342 indicio
952 2277 1099 2341 Philotas

91 2361 180 2426 inter
200 2361 374 2445 participes
398 2362 527 2426 sceleris
549 2363 781 2428 destinabatur.
816 2363 930 2448 Itaque
953 2365 1100 2448 indigna-

90 2449 184 2514 tione
216 2470 367 2533 expressa
397 2471 460 2514 vox
491 2450 621 2515 silentio
650 2457 784 2535 excepta
815 2455 873 2516 est.
922 2452 1005 2516 Tum
1033 2471 1135 2534 rens

94 2535 244 2621 ‘Qualis',
266 2539 385 2622 inquit,
412 2536 501 2623 ‘ergo
525 2539 626 2603 animi
647 2539 740 2603 vobis
763 2539 902 2622 videtur,
926 2539 982 2622 qui
1003 2538 1098 2602 huius

91 2625 143 2690 rei
166 2626 307 2690 delatum
324 2625 478 2690 indicium
497 2627 536 2690 ad
555 2627 662 2710 ipsum
680 2627 883 2712 suppressit?
920 2625 1012 2702 Quod
1034 2645 1134 2694 none

92 2713 196 2778 fuisse
219 2735 339 2779 vanum
360 2712 481 2796 Dymni
503 2716 606 2778 exitus
630 2714 779 2779 declarat
820 2713 1003 2780 Incertam
1030 2737 1099 2780 rem

92 2801 241 2866 deferens
268 2806 432 2867 tormenta
458 2824 524 2867 non
551 2803 663 2867 timuit
690 2800 875 2885 Cebalinus,
905 2803 1029 2868 Metron
1058 2826 1099 2869 no

92 2894 293 2955 momentum
317 2890 444 2973 quidem
467 2891 622 2974 temporis
645 2889 773 2955 distulit
796 2912 967 2956 exonerare
990 2913 1038 2975 se,
1062 2895 1100 2956 ut

93 3000 148 3062 eo,
183 2979 240 3043 ubi
276 2978 423 3061 lavabar,
459 2979 673 3062 inrumperet:
709 2977 858 3044 Philotas
894 2981 982 3044 solus
1018 2979 1099 3044 nihil

91 3067 218 3150 timuit,
248 3066 331 3131 nihil
359 3066 501 3132 credidit.
550 3066 577 3132 Ο
605 3066 717 3151 magni
749 3067 850 3132 animi
877 3069 996 3134 virum!
1032 3067 1098 3132 Iste
1119 3087 1151 3136 10

92 3155 183 3240 regis
213 3155 357 3239 periculo
394 3157 665 3239 commoveretur,
700 3155 826 3220 vultum
863 3160 1015 3237 mutaret,
1052 3157 1099 3220 in-

93 3243 198 3308 dicem
228 3247 339 3308 tantae
365 3244 412 3307 rei
443 3243 601 3308 sollicitus
629 3242 765 3308 audiret!
803 3241 921 3309 Subest
945 3244 1099 3309 nimirum
1118 3264 1148 3313 11

94 3331 225 3396 silentio
247 3331 373 3396 facinus
396 3334 429 3396 et
456 3331 549 3396 avida
580 3352 653 3414 spes
681 3332 772 3416 regni
799 3333 1007 3416 praecipitem
1030 3334 1099 3397 ani-

93 3441 181 3484 mum
201 3421 242 3485 ad
265 3419 415 3484 ultimum
433 3419 523 3483 nefas
541 3420 668 3503 inpulit.
699 3420 796 3484 Pater
814 3419 939 3485 Mediae
957 3424 1098 3504 praeest:

93 3508 164 3592 ipse
196 3507 280 3592 apud
316 3508 436 3573 multos
468 3507 632 3591 copiarum
664 3509 758 3573 duces
793 3508 873 3572 meis
905 3511 1098 3592 praepotens

93 3595 216 3662 viribus
244 3595 381 3680 maiora,
411 3618 507 3683 quam
535 3596 634 3680 capit,
660 3597 772 3680 spirat.
817 3594 948 3660 Orbitas
974 3615 1151 3680 quoquere
