2582 4098
1275 128 1278 197 ¹

1276 243 1279 309 l

159 366 192 415 18
211 346 375 431 deplorare
403 348 584 430 coeperunt.
627 343 743 410 Persae
771 345 811 410 ad
836 346 909 410 illos
932 346 1069 411 clamore
1092 345 1231 429 perlato
1278 344 1281 421 l

211 436 340 500 attoniti
362 438 450 499 metu
472 454 531 498 nec
554 454 643 498 arma
665 454 785 518 capere,
807 455 848 497 ne
871 434 906 498 in
927 431 1121 498 Bactrianos
1147 433 1231 498 inci·
1279 474 1282 547 p

215 201 276 266 108
582 200 614 268 Q.
634 200 742 256 cunm
758 201 845 256 RUFI

211 523 331 607 darent,
347 544 407 587 nec
423 522 583 605 quiescere
597 521 766 605 audebant,
783 543 824 585 ne
837 521 936 606 impie
949 522 1094 586 deserere
1110 541 1232 607 regem

159 631 193 679 14
210 611 401 676 viderentur.
445 607 562 674 Varius
590 629 627 673 ac
654 609 801 674 dissonus
829 610 950 674 clamor
976 610 1045 674 sine
1073 608 1164 674 duce
1195 630 1231 674 ac

212 699 280 764 sine
302 697 436 782 imperio
458 697 536 761 totis
555 697 668 761 castris
685 697 890 762 referebatur.
924 695 1025 762 Besso
1044 700 1078 761 ct
1094 695 1267 762 Nabar-34

210 786 283 851 rani
304 785 532 850 nuntiaverant
553 784 612 868 sui,
633 805 742 871 regem
762 807 782 850 a
800 785 970 869 semetipso
988 786 1231 870 interemptum

159 892 193 942 15
212 894 296 938 esse:
319 874 466 957 planctus
489 894 543 938 eos
566 872 742 957 deceperat
784 872 897 956 Itaque
921 873 1026 938 citatis
1050 873 1149 957 equis
1177 873 1231 937 ad-

211 962 323 1026 volant
345 961 561 1045 sequentibus,
584 982 664 1044 quos
687 960 727 1025 od
747 960 961 1025 ministerium
984 961 1115 1026 sceleris
1142 961 1231 1025 dele

211 1052 340 1134 gerant:
372 1053 405 1114 et
431 1071 504 1114 curn
529 1048 773 1114 tabernaculum
794 1050 981 1133 intrassent,
1011 1049 1089 1134 quia
1111 1069 1232 1135 regem

212 1137 317 1201 vivere
356 1136 513 1222 spadones
548 1136 747 1221 indicabant,
790 1136 1006 1221 conprehendi
1040 1137 1230 1221 vincirique

161 1243 194 1291 1c
211 1224 380 1290 iusserunt.
423 1223 493 1290 Rex
524 1245 618 1289 curru
648 1225 745 1309 paulo
777 1228 851 1289 ante
882 1229 992 1290 rectus
1023 1227 1056 1288 et
1087 1224 1230 1290 deornm

212 1313 360 1396 auspiciis
390 1334 427 1378 ac
458 1313 523 1378 suis
552 1312 727 1379 honoribus
755 1313 858 1378 cultus
886 1313 976 1377 nulla
1002 1315 1142 1377 externa
1168 1334 1229 1398 ope

213 1400 342 1465 admota
368 1401 513 1484 captivus
540 1421 703 1465 servorum
730 1422 859 1466 suorum
885 1401 921 1464 in
943 1400 1109 1465 sordidum
1136 1401 1230 1467 vehi·

162 1506 194 1555 1⁷
214 1489 320 1553 culum
340 1485 487 1575 [pellibus
509 1487 647 1572 undique
666 1491 844 1569 contectus]
867 1488 1041 1573 inponitur.
1079 1486 1230 1554 Pecunia

212 1577 297 1662 regis
325 1580 358 1640 et
384 1577 525 1659 supellex
552 1575 643 1659 quasi
665 1576 741 1640 belli
762 1577 830 1640 iure
854 1576 1013 1660 diripitur,
1045 1578 1229 1663 onustique

212 1665 331 1748 praeda
365 1685 423 1748 per
459 1665 561 1729 scelus
593 1663 739 1728 ultimum
770 1668 863 1748 parta
893 1665 1006 1750 fugam
1036 1663 1230 1730 intendunt.

162 1771 195 1821 18
213 1752 392 1816 Artabazus
419 1773 491 1816 cum
512 1751 580 1835 his,
603 1752 659 1838 qui
679 1752 813 1836 imperio
835 1751 1005 1835 parebant,
1026 1749 1229 1837 Graecisque

213 1841 367 1904 militibus
398 1838 593 1904 Parthienen
622 1840 766 1924 petebat,
798 1841 906 1905 omnia
935 1840 1057 1904 tutiora
1087 1842 1229 1923 parrici-

165 1947 194 1996 19
213 1927 325 1992 darum
348 1928 494 1992 contuitu
516 1931 614 1993 ratus.
649 1927 764 1993 Persae
786 1927 952 2012 promissis
970 1926 1063 1992 Bessi
1086 1930 1229 2011 onerati,

214 2016 350 2079 maxime
373 2015 448 2098 quia
469 2036 564 2081 nemo
587 2015 668 2080 alins
691 2019 768 2099 erat,
790 2037 885 2100 quem
905 2017 1121 2098 sequerentur,
1151 2038 1228 2082 con·

214 2102 344 2167 iunxere
363 2124 397 2166 sc
412 2099 602 2186 Bactrianis,
624 2124 740 2188 agmen
757 2125 866 2168 eorum
883 2104 980 2168 tertio
999 2103 1148 2167 adsecuti
1168 2105 1228 2170 die.

162 2210 196 2259 20
214 2187 264 2253 Ne
292 2192 402 2253 tamen
427 2189 532 2254 honos
558 2191 627 2275 regi
653 2212 721 2256 non
745 2191 929 2274 haberetur,
960 2190 1064 2256 aureis
1093 2211 1228 2276 compe

215 2276 308 2341 dibus
331 2275 472 2341 Dareum
493 2277 649 2360 vinciunt,
670 2301 754 2344 nora
775 2278 913 2344 ludibria
935 2278 1069 2344 subinde
1092 2281 1227 2366 excogi-

214 2367 304 2430 tante
325 2365 466 2449 fortuna,
488 2367 522 2430 et
543 2386 583 2430 ne
605 2365 689 2430 forte
712 2367 798 2431 cultu
820 2366 909 2452 regio
927 2370 1037 2451 posset
1054 2365 1227 2451 adgnosci,

215 2452 349 2518 sordidis
371 2453 509 2538 pellibus
531 2454 711 2519 vehiculum
732 2455 926 2520 intererant:
948 2454 1053 2540 ignoti
1073 2453 1226 2519 iumenta

214 2542 367 2627 agebant:
394 2563 436 2607 ne
456 2542 720 2626 percontantibus
742 2543 778 2607 in
800 2543 927 2628 agmine
949 2541 1123 2608 monstrari
1146 2565 1225 2627 pos·

214 2634 276 2714 set,
299 2630 447 2696 custodes
469 2631 582 2715 procul
604 2631 827 2715 sequebantur.

623 2785 701 2853 Car.
722 2787 811 2853 XIII.

180 2912 194 2961 1
271 2980 278 2994 .
302 2891 484 2995 Alexander
505 2893 624 2978 audito,
645 2893 796 2995 Dareum,
807 2893 946 2995 movisse
968 2895 1010 2958 ab
1032 2891 1260 2994 Ecbataniqdb

180 3001 341 3152 auu
356 2980 1011 3153 tttetttfftlttlffilttttl
1033 2981 1219 3134 {tffttt

214 3159 379 3221 ractecene
402 3155 515 3220 ultima
539 3193 578 3203 -
602 3158 761 3242 pervenit:
792 3157 838 3222 ibi
859 3158 1047 3240 transfugae
1068 3157 1219 3222 nuntiant

180 3244 421 3329 epraecipitem
442 3243 520 3330 fuga
542 3243 660 3310 Bactra
681 3249 788 3329 petere
810 3244 960 3310 Dareum.
999 3241 1144 3310 Certiora
1167 3246 1217 3310 de-

214 3332 288 3434 inde
315 3333 480 3418 cognoscit
507 3353 545 3397 ex
566 3331 746 3436 Bagistane·
764 3332 960 3417 Babylonio:
987 3353 1051 3398 uon
1073 3333 1217 3434 eqpidem

214 3423 357 3486 vrnctum
383 3441 505 3506 regem,
537 3421 591 3485 sed
619 3443 653 3485 m
679 3421 820 3506 penculo
849 3443 917 3486 esse
944 3423 1000 3485 aut
1026 3424 1140 3487 mortis
1161 3423 1216 3485 aut

179 3509 414 3578 uinculorum
432 3508 630 3574 adfirmabat.
664 3507 733 3574 Rex
750 3509 882 3574 ducibus
898 3509 1090 3592 convocatis,
1108 3507 1214 3572 ‘Maxi
1282 3579 1283 3616 1

214 3595 325 3682 mum’‚
349 3596 467 3681 inquit,
500 3595 605 3681 ‘opus,
636 3597 692 3661 sed
718 3597 810 3662 labor
836 3597 1042 3662 brevissimus
1066 3599 1214 3681 superest
1282 3617 1283 3704 q
