2552 4108
220 200 472 256 HISTORIARUM
490 196 705 256 ALEXANDRI
722 201 775 264 111.
793 211 817 256 1.
837 207 861 256 Ξ.
1025 201 1045 264 3

53 363 242 429 nequaquam
266 345 320 410 diu
340 347 482 409 >luctatus
505 366 577 410 cum
599 346 773 410 latentibus
795 345 900 424 nodis,
924 343 1046 429 ‘Nihil',

52 430 157 516 inquit,
179 432 331 517 interest,
355 433 513 518 quomodo
537 433 727 498 solvantur':
751 433 920 518 gladioque
942 435 1044 517 ruptis

53 520 191 584 omnibus
212 521 290 586 loris
313 522 433 586 oraculi
456 524 575 586 sortem
597 523 647 586 vel
670 522 764 586 elusit
787 522 837 586 111
858 523 1000 606 inplevit.

22 605 40 669 3
133 605 211 674 (lum
237 610 351 674 deinde
373 608 526 694 Dareum,
558 609 748 693 ubicumque
775 613 868 695 esset,
892 631 1096 693 occuparem

52 696 221 782 statuisset,
253 701 289 762 ut
318 720 338 761 a
364 700 457 782 tergo
484 701 555 762 tuta
576 698 781 781 relinqueret,
812 697 1046 782 Amphoterum

52 783 139 848 classi
161 785 201 849 ad
224 807 314 850 oram
331 784 542 870 Hellesponti,
565 786 664 870 copiis
688 789 794 851 autem
812 787 965 870 praefecit
981 786 1045 852 He-

51 872 220 958 gelochum,
232 871 371 938 Lesbum
385 878 417 938 et
427 873 542 940 Chium
551 872 715 958 Coumque
728 875 895 958 praesidiis
904 875 1046 941 hostium

50 959 240 1028 liberaturos.
284 961 345 1026 His
371 963 494 1027 talenta
520 962 561 1026 ad
587 963 663 1026 belli
685 985 779 1027 usum
802 964 977 1048 quingenta
999 968 1046 1028 at·
1064 985 1097 1035 1ο

51 1047 175 1114 tributa:
198 1051 239 1115 ad
256 1049 464 1133 Antipatrum
487 1054 520 1115 et
542 1071 605 1134 eos,
628 1051 683 1134 qui
701 1048 838 1116 Graecas
860 1053 955 1117 urbes
977 1055 1045 1117 tue-

50 1134 173 1222 bantur,
195 1142 345 1204 sexcenta
365 1139 478 1203 missa:
502 1159 541 1202 ex
562 1138 689 1203 foedere
710 1160 808 1204 naves
831 1140 925 1205 sociis
947 1142 1046 1224 impe-

50 1226 144 1308 ratae,
175 1247 256 1310 quae
278 1225 489 1311 Hellesponto
516 1227 741 1310 praesiderent
785 1225 938 1292 Nondum
961 1229 1046 1293 enim
1064 1251 1097 1298 11

50 1308 247 1380 Memnonem
268 1315 336 1380 vita
355 1315 527 1380 excessisse
546 1318 747 1400 cognoverat,
768 1314 804 1381 in
822 1337 916 1400 quem
935 1338 1045 1381 omnes

51 1398 223 1468 intenderat
245 1424 346 1488 curas,
369 1404 447 1468 satis
470 1424 588 1488 gnarus
611 1407 725 1469 cuncta
746 1403 782 1468 in
804 1404 950 1487 expedito
968 1405 1047 1488 fore,

51 1487 76 1550 si
94 1489 173 1554 nihil
195 1492 237 1556 ab
261 1513 298 1556 eo
321 1495 509 1557 moveretur.

130 1577 262 1664 Iamque
285 1579 326 1644 ad
343 1581 460 1682 urbem
477 1579 642 1682 Ancyram
663 1583 795 1682 ventum
815 1580 970 1682 eratubi
988 1601 1046 1681 nu:
1065 1602 1098 1651 11

50 1683 134 1818 tlt
153 1666 1048 1840 cerumar&alterutrarum

50 1842 182 1908 credunt.
231 1843 342 1910 Omnis
365 1844 444 1908 haec
466 1845 554 1928 regio
577 1844 685 1926 paruit
706 1845 775 1928 regi
797 1843 941 1927 datisque
965 1844 1047 1908 obsi·
1066 1865 1099 1913 11

50 1927 134 1994 dibus
155 1933 325 2016 tributum,
348 1931 433 2016 quod
455 1953 496 1996 ne
514 1931 619 1996 Persis
643 1932 769 2016 quidem
791 1932 950 2015 tulissent,
972 1953 1048 2017 pen-

50 2015 116 2082 dere
137 2041 178 2084 ne
201 2027 406 2104 cogerentur,
427 2019 676 2104 inpetraverunt.
712 2017 806 2084 Oalas
828 2020 903 2084 huic
924 2021 1048 2104 regioni
1067 2041 1101 2089 11

50 2109 246 2189 praepositus
278 2111 343 2173 est:
379 2109 449 2191 ipse
481 2108 672 2191 adsumptis,
704 2109 759 2192 qui
790 2130 829 2174 ex
860 2107 1049 2174 Macedonia

49 2210 145 2276 nuper
167 2197 375 2274 advenerant,
400 2195 635 2280 Cappadociam
657 2197 759 2282 petiit

476 2353 553 2420 (111.
576 2354 618 2420 H.

20 2453 38 2515 4
132 2458 178 2526 At
199 2460 325 2526 Dareus
348 2462 495 2526 nuntiata
513 2460 694 2526 Memnonis
716 2463 818 2526 morte
840 2460 927 2525 haud
949 2480 1050 2543 secus,
1071 2481 1084 2529 1

51 2565 140 2629 quem
175 2571 236 2633 par
259 2552 339 2633 erat,
370 2552 477 2614 motus
505 2549 623 2614 omissa
650 2549 737 2614 omni
764 2549 827 2612 alia
854 2569 910 2630 spe
938 2548 1052 2611 statuit

48 2632 113 2716 ipse
136 2637 319 2702 decernere:
343 2637 460 2720 quippe
483 2659 563 2722 quae
586 2659 643 2720 per
662 2637 756 2701 duces
775 2657 849 2700 suos
868 2638 939 2699 acta
953 2637 1051 2713 erant,

51 2727 160 2790 cuncta
174 2726 358 2807 damnabat,
374 2728 463 2790 ratus
473 2725 621 2811 ‘pluribus
635 2746 752 2806 curam,
771 2723 918 2788 omnibus
933 2723 1051 2788 afuisse

49 2807 219 2879 fortunam.
272 2811 376 2898 Igitur
407 2814 519 2878 castris
552 2814 592 2878 ad
623 2812 791 2896 Babylona
821 2811 952 2896 positis,
988 2832 1086 2895 quoa

51 2901 166 2966 maiore
194 2902 302 2966 animo
330 2905 531 2985 capesserent
557 2902 689 2985 bellum,
720 2900 884 2965 universas
911 2901 995 2966 vires
1017 2901 1052 2964 in

51 2994 255 3072 conspectum
287 2990 374 3054 dedit
405 2993 438 3055 et
469 2990 661 3055 circumdato
696 2988 796 3072 vallo,
828 2988 912 3073 quod
944 2989 1052 3053 decem

51 3076 171 3142 milium
193 3081 390 3144 armatorum
407 3078 644 3142 multitudinem
662 3080 797 3160 caperet,
818 3075 932 3141 Xerxis
951 3097 1053 3140 exem-

51 3163 101 3244 plo
132 3188 305 3232 numerum
336 3166 500 3251 copiarum
530 3166 610 3230 iniit.
659 3163 737 3230 Orto
765 3166 831 3230 sole
860 3165 901 3228 ad
926 3167 1087 3232 noctemc

53 3254 190 3337 agmina,
214 3255 297 3319 sicut
319 3255 471 3338 discripta
493 3256 596 3336 erant,
618 3253 776 3319 intravere
799 3254 926 3318 vallum.
975 3252 1054 3316 Inde

53 3341 167 3407 emissa
198 3347 430 3427 occupaverant
457 3341 707 3425 Mesopotamiae
736 3364 882 3425 campos,
913 3341 1056 3425 equitum

53 3429 257 3514 peditumque
274 3431 506 3516 propemodum
522 3431 763 3496 innumerabilis
781 3431 884 3508 turba,
902 3429 1055 3493 maiorem

55 3535 148 3598 quam
180 3541 240 3602 pro
272 3541 405 3584 numero
438 3519 576 3603 speciem
606 3519 720 3583 ferens.
768 3517 938 3582 Persarum
967 3519 1091 3581 erantc

54 3610 181 3670 centum
200 3607 297 3692 milia,
319 3609 354 3672 in
373 3608 443 3692 quis
462 3629 557 3691 eques
576 3625 647 3671 xxx
664 3607 815 3690 inplebat.
844 3605 930 3670 Medi
948 3604 1055 3668 decem

864 3707 899 3760 1*
