2582 4098
205 237 455 294 HISTORIARUM
475 235 689 292 ALEXANDRI
706 233 753 304 IV,
774 241 815 290 10.
836 242 877 290 11.
1008 233 1049 298 61

14 385 145 450 nentia
177 383 284 448 hostis
315 382 355 445 ad
380 403 481 446 novas
507 381 596 464 pacis
623 379 824 445 condiciones
852 377 1000 444 ferendas
1026 396 1051 444 x

14 475 178 558 legatos,
209 472 418 555 cognatorum
439 468 612 552 principes,
634 469 735 532 misit:
766 489 846 552 quos
869 465 1051 532 Alexander

14 559 174 626 consilio
203 559 357 623 advocato
380 557 538 621 introduci
560 557 662 620 iussit.
697 556 731 621 'E
755 556 869 640 quibus
891 554 1049 620 maximus
1069 574 1084 623 2

14 651 124 732 natu,
151 645 329 729 ‘Dareum',
351 645 464 729 inquit,
488 644 540 708 ‘ut
560 666 672 728 paoem
695 667 715 710 a
736 647 768 708 te
791 645 856 708 iam
875 644 938 709 hoc
954 643 1050 707 tertio

14 737 178 821 peteret,
210 735 299 798 nulla
325 733 373 798 vis
402 732 543 818 subegit,
573 732 629 796 sed
655 732 780 797 iustitia
802 735 835 796 et
856 730 1051 796 continentia

16 829 89 889 tua
120 823 292 906 expressit.
335 819 486 904 Matrem,
518 821 700 905 coniugem,
730 821 848 886 liberos
876 821 958 903 eius,
987 819 1085 886 nisis

21 911 124 996 quod
150 911 223 976 sine
245 910 301 975 illo
326 912 414 993 sunt,
443 911 554 992 captos
578 930 735 974 essenon
758 909 929 973 sensimus:
961 906 1051 990 pudi-

22 999 135 1064 citiae
160 1021 280 1081 earum,
303 1018 384 1082 quae
407 1000 587 1080 supersunt,
609 1017 718 1061 curam
739 996 826 1061 haud
844 1017 935 1061 secus
954 1017 1051 1080 quam

23 1108 158 1173 parens
183 1107 282 1172 agens
305 1085 432 1170 reginas
456 1085 610 1168 appellas,
642 1084 781 1168 speciem
807 1085 961 1168 pristinae
988 1083 1051 1148 for·

24 1181 138 1240 tunae
172 1175 310 1239 retinere
341 1173 470 1258 pateris.
521 1171 657 1237 Vultum
688 1175 779 1236 tuum
810 1172 916 1256 video,
948 1171 1087 1256 qualis4

28 1263 140 1328 Darei
159 1263 232 1346 fuit,
255 1283 327 1327 cum
347 1261 576 1326 dimitteremur
595 1261 634 1325 ab
654 1281 705 1325 cc:
728 1263 762 1324 et
777 1260 831 1324 ille
849 1263 959 1324 tamen
976 1281 1052 1324 uxo·

29 1373 124 1435 rem,
155 1355 193 1415 tu
215 1350 343 1415 hostem
364 1350 465 1435 luges.
508 1348 579 1414 Iam
600 1348 635 1413 in
657 1348 724 1414 acic
748 1351 864 1431 stares,
892 1348 955 1412 nisi
978 1369 1053 1412 cura

31 1445 72 1504 te
102 1440 288 1523 sepulturae
316 1439 383 1502 eius
409 1440 597 1502 moraretur.
640 1435 765 1521 Ecquid
791 1435 909 1500 mirum
936 1440 996 1517 est,
1025 1435 1053 1498 si

33 1531 111 1592 tam
144 1528 186 1593 ab
219 1527 320 1591 amico
353 1525 459 1590 animo
490 1546 603 1609 pacem
634 1524 736 1609 petit?
783 1523 859 1609 quid
891 1545 972 1607 opus
1004 1526 1054 1587 est

37 1615 157 1698 armis,
188 1615 272 1679 inter
299 1635 378 1699 quos
402 1613 476 1678 odia
498 1614 626 1678 sublata
648 1612 745 1678 sunt?
790 1613 897 1678 Antea
917 1610 1052 1693 imperio
1072 1629 1087 1677 o

37 1708 100 1768 tuo
125 1703 223 1768 finem
247 1701 429 1766 destinabat
448 1701 570 1786 Halym
594 1723 733 1786 amnem,
756 1701 810 1786 qui
832 1699 969 1784 Lydiam
990 1701 1053 1763 ter-

40 1793 162 1856 minat:
201 1811 302 1876 nunc,
336 1789 490 1875 quidquid
524 1791 609 1854 inter
639 1788 886 1874 Hellespontum
922 1791 955 1851 et
989 1785 1054 1851 llu-

42 1881 185 1962 phraten
213 1881 274 1962 est,
305 1878 339 1943 in
367 1877 473 1943 dotem
500 1878 584 1941 filiae
608 1877 712 1960 offert,
741 1899 837 1962 quam
862 1876 924 1940 tibi
945 1873 1053 1940 tradit.

45 1967 175 2034 Ochum
196 1966 309 2049 filium,
333 1987 427 2049 quem
448 1964 558 2048 habes,
579 1966 668 2048 pacis
691 1968 724 2029 et
744 1964 818 2029 fidei
840 1963 984 2029 obsidem
1006 1983 1089 2030 rec

44 2057 130 2138 tine,
151 2057 286 2118 matrem
308 2055 341 2117 et
363 2053 442 2117 duas
464 2053 603 2137 virgines
625 2052 708 2118 filias
730 2052 840 2117 redde:
868 2073 927 2135 pro
951 2052 1054 2116 tribus

47 2142 236 2225 corporibus
262 2159 334 2206 xxx
354 2142 443 2206 milia
468 2142 626 2205 talentum
649 2141 718 2205 auri
739 2143 887 2225 precatur
910 2140 1055 2223 accipias.

48 2231 125 2296 Nisi
149 2229 401 2295 moderationem
427 2230 527 2293 animi
552 2230 600 2293 tui
625 2231 737 2294 notam
766 2229 930 2313 haberem,
962 2229 1088 2309 [non]u

51 2320 188 2384 dicerem
209 2318 272 2383 hoc
292 2339 362 2382 esse
383 2320 519 2401 tempus,
542 2338 604 2401 quo
627 2339 738 2400 pacem
760 2339 827 2382 non
849 2317 924 2381 dare
943 2318 1056 2400 solum,

53 2407 111 2472 sed
137 2406 230 2471 etiam
257 2427 411 2488 occupare
439 2405 577 2470 deberes.
625 2404 774 2490 Respice,
801 2409 955 2490 quantum
981 2409 1090 2487 posta

53 2499 88 2559 te
119 2493 292 2577 reliqueris:
332 2493 470 2577 intuere,
500 2496 655 2578 quantum
686 2496 787 2577 petas.
840 2492 1057 2557 Periculosum

56 2585 105 2648 est
130 2602 301 2666 praegrave
327 2582 510 2665 imperium:
540 2581 667 2646 difficile
695 2584 744 2646 est
771 2582 856 2646 enim
885 2580 1057 2661 continere,

57 2669 140 2756 quod
167 2691 277 2754 capere
305 2690 372 2734 non
397 2670 510 2753 possis.
554 2668 707 2753 Videsne,
738 2672 776 2733 ut
801 2668 944 2752 navigia,
976 2687 1057 2751 quae

56 2757 183 2824 modum
203 2757 372 2842 excedunt,
393 2758 463 2843 regi
483 2757 666 2842 nequeant?
710 2755 843 2839 Nescio,
867 2777 908 2820 an
930 2755 1056 2820 Dareus

59 2847 129 2912 ideo
153 2849 219 2910 tam
245 2845 347 2910 multa
373 2846 526 2929 amiserit,
562 2846 637 2930 quia
665 2845 782 2908 nimiae
814 2865 891 2926 opes
920 2865 1056 2929 magnac

59 2937 191 3000 iacturae
217 2934 324 2998 locum
350 2933 481 2998 faciunt.
526 2933 664 2998 Facilius
691 2935 739 2996 est
766 2932 894 3017 quidem
921 2933 1090 3016 sincerae

62 3043 152 3106 quam
171 3021 252 3086 tueri
268 3023 438 3102 praedam:
461 3043 566 3106 quam,
587 3021 723 3104 hercule,
746 3021 922 3105 expeditius
943 3042 1056 3085 manus

63 3113 182 3175 nostrae
209 3109 353 3192 rapiunt,
384 3131 480 3193 quam
509 3109 683 3173 continent.
731 3108 807 3192 Ipsa
835 3131 922 3174 mors
949 3110 1057 3174 uxoris

64 3197 154 3262 Darei
186 3197 355 3262 admonere
385 3201 417 3262 te
447 3200 556 3280 potest
585 3197 690 3262 minus
726 3197 792 3262 iam
822 3197 1057 3263 misericordiae

19 3286 134 3350 44tuae
157 3285 260 3370 licere,
292 3307 387 3369 quam
411 3283 522 3350 licuit?
567 3283 748 3350 Alexander
772 3286 887 3370 legatis
910 3285 1057 3350 excedere
1077 3307 1108 3354 10

68 3373 257 3438 tabernaculo
279 3373 389 3458 iussis,
416 3373 491 3458 quid
517 3373 668 3456 placeret,
695 3374 735 3437 ad
762 3374 930 3438 consilium
952 3373 1057 3438 refert.

70 3461 127 3526 Diu
145 3482 242 3545 nemo,
264 3461 340 3544 quid
363 3462 503 3544 sentiret,
527 3483 621 3526 ausus
645 3465 694 3526 est
712 3462 813 3527 dicere
832 3462 954 3526 incerta
971 3463 1056 3546 regis

70 3550 224 3614 voluntate.
269 3548 410 3613 Tandem
437 3547 605 3614 Parmenio
637 3553 731 3614 antea
762 3551 900 3614 suasisse
932 3549 990 3631 ait,
1021 3554 1058 3612 ut
1077 3571 1105 3618 11

73 3637 196 3720 captivos
227 3637 311 3720 apud
338 3636 531 3702 Damascum
561 3637 791 3702 redimentibus
817 3636 974 3702 redderet:
1009 3637 1056 3699 in-
