2602 4094
231 203 296 270 276
604 208 636 272 Q.
655 206 871 262 1111111111

196 363 365 436 tgravere
391 350 523 415 luctum.
569 349 615 414 Et
640 348 806 434 Perdicca,
835 349 918 434 ‘Ego
943 350 1098 435 quidem,’
1124 352 1225 436 inquit,

231 439 388 523 ‘anulum,
410 460 473 524 quo
495 439 550 503 ille
572 438 665 522 regni
687 441 784 522 atque
805 439 934 522 imperii
956 442 1040 504 vires
1066 441 1224 524 obsignare

196 541 212 588 1
231 532 302 594 erat
318 528 447 612 solitus,
463 526 620 591 traditum
637 526 679 590 ab
697 526 768 610 ipso
787 527 877 610 mihi,
895 527 993 591 reddo
1012 528 1115 594 vobis.
1145 525 1224 592 Oete

231 636 516 700 11111111111111
533 615 625 679 nulla
647 615 754 680 clades
779 615 868 698 hnic,
890 637 955 700 qna
977 616 1097 682 adfecti
1119 638 1225 698 sumus,

230 728 291 792 par
317 706 358 770 ab
385 703 479 768 iratis
506 703 555 767 dis
584 703 760 788 excogitari
782 707 905 786 potest,
940 708 1050 768 tamen
1078 706 1224 790 magnitu-

231 794 337 858 dinem
372 812 493 877 rerum,
529 812 609 875 quas
644 792 725 877 egit,
760 792 961 858 intuentibus
993 794 1121 858 credere
1152 793 1226 876 licet,

231 884 359 946 tantum
394 880 499 946 virum
535 881 611 945 deos
648 880 911 946 adcommodasse
946 880 1043 947 rebus
1079 881 1225 963 humanis,

231 991 367 1054 quarum
390 973 477 1034 sorte
494 969 644 1052 conpleta
662 968 727 1033 cito
745 973 930 1052 repeterent
947 991 1022 1034 11111
1039 991 1117 1036 suae
1134 969 1224 1052 stirpi

198 1069 213 1116 v
231 1057 370 1123 Proinde
389 1057 541 1142 quoniam
557 1057 641 1121 nihil
659 1055 747 1121 aliud
764 1079 803 1122 11
818 1079 855 1123 11
870 1061 1026 1142 superest,
1043 1080 1141 1142 quam
1154 1057 1224 1142 quod

233 1167 360 1231 semper
382 1146 423 1210 ab
444 1146 691 1211 immortalitate
710 1144 886 1228 seducitur,
908 1147 1036 1230 corpori
1053 1147 1223 1230 nominique

232 1256 329 1320 quam
360 1234 502 1318 primum
532 1235 619 1299 iusta
649 1234 826 1318 solvamus,
856 1233 943 1299 haud
973 1235 1082 1317 obliti,
1113 1235 1224 1319 inqua

232 1324 322 1408 urbe,
343 1323 428 1388 inter
446 1343 527 1406 quos
546 1322 655 1405 simus,
679 1322 768 1406 quali
785 1322 931 1406 praeside
950 1344 987 1388 ac
1004 1343 1079 1407 rege
1097 1323 1224 1408 spoliati.

199 1421 215 1470 8
233 1411 449 1478 Tractandum
465 1415 523 1495 111,
537 1410 783 1494 commilitones,
797 1411 1075 1496 cogitandumque,
1089 1412 1225 1476 1111111-

232 1502 316 1565 riam
342 1504 472 1584 partam
489 1500 573 1564 inter
595 1499 669 1581 hos,
694 1499 867 1584 dequibus
890 1503 984 1583 parta
1006 1503 1070 1582 111,
1093 1501 1227 1566 obtinere

232 1589 404 1673 possimus.
440 1587 553 1672 Capite
576 1608 656 1671 opus
679 1591 743 1652 est:
764 1588 880 1653 hocine
899 1610 962 1653 uno
981 1611 1023 1654 an
1033 1589 1227 1673 1111111111

232 1681 340 1743 vestra
370 1679 533 1763 potestate
564 1680 623 1740 est.
666 1674 753 1740 Illud
780 1677 861 1740 scire
892 1676 1032 1760 debetis,
1063 1677 1229 1742 militarem

233 1767 303 1832 sine
335 1766 414 1831 duce
445 1765 576 1829 turbam
607 1785 722 1847 corpus
754 1785 824 1829 esse
857 1765 926 1830 sine
956 1764 1081 1848 spiritu.
1123 1762 1228 1830 Sextus

233 1855 354 1920 mensis
375 1857 437 1939 est,
460 1875 498 1918 11
521 1874 582 1937 111
605 1851 738 1916 Roxane
765 1873 946 1937 praegnans
969 1858 1028 1918 est.
1072 1853 1230 1938 Optamus,

198 1947 413 2008 1111111111
437 1943 586 2006 enitatur.
625 1937 729 2004 Huius
751 1962 887 2025 regnum
910 1940 960 2005 dis
982 1941 1229 2025 adprobantibus

232 2031 386 2113 futurum,
409 2028 599 2115 quandoque
626 2028 809 2093 adoleverit.
843 2027 978 2094 Interim
997 2051 1017 2094 a
1034 2031 1151 2114 quibus
1167 2031 1230 2115 regi
1238 2027 1268 2092 20

183 2129 215 2176 10
233 2119 350 2202 velitis,
368 2117 549 2183 destinate?
580 2116 669 2182 Haec
683 2117 842 2182 Perdicca.
873 2117 956 2182 Tum
969 2117 1146 2203 Nearchus,
1163 2118 1230 2183 Ale·

233 2205 346 2271 xandri
374 2207 469 2270 modo
497 2206 687 2288 sanguinem
714 2227 751 2270 ac
780 2207 913 2290 stirpem
940 2206 1049 2292 regiae
1074 2207 1230 2273 maiestati

183 2306 213 2353 11
234 2293 416 2378 convenire,
451 2294 611 2358 neminem
643 2295 690 2358 ait
720 2315 815 2377 posse
847 2294 972 2359 mirari:
1012 2299 1155 2360 ceterum
1186 2318 1231 2360 11·

233 2381 358 2467 pectari
383 2381 525 2447 nondum
554 2387 660 2446 ortum
687 2401 797 2466 regem
824 2385 870 2467 et,
898 2383 953 2466 qui
976 2383 1041 2448 iam
1065 2383 1122 2466 sit,
1148 2406 1231 2467 prae·

229 2471 334 2555 teriri,
360 2491 420 2536 nec
443 2473 559 2534 animis
581 2473 792 2535 Macedonum
815 2472 985 2536 convenire
1007 2491 1068 2536 nec
1089 2473 1230 2555 tempori.

229 2558 351 2624 Verum
387 2579 457 2624 esse
494 2580 511 2622 e
542 2557 679 2623 Barsine
709 2559 814 2623 filium
845 2560 945 2644 regis:
981 2559 1057 2624 huic
1089 2559 1232 2625 diadema

181 2654 211 2701 12
231 2640 380 2707 dandum.
429 2640 522 2707 Nulli
556 2640 706 2725 placebat
741 2641 853 2706 oratio.
905 2639 1019 2726 Itaque
1055 2665 1113 2708 suo
1147 2663 1231 2708 more

231 2729 335 2794 hastis
359 2733 450 2795 scuta
469 2729 649 2814 quatientes
668 2729 855 2814 obstrepere
872 2731 1134 2814 perseverabant,
1157 2733 1232 2796 iam·

231 2838 292 2901 que
320 2839 419 2901 prope
448 2817 488 2882 ad
513 2816 704 2883 seditionem
728 2822 939 2900 pervenerant
960 2815 1108 2884 Nearcho
1131 2820 1233 2902 pervi-

180 2919 211 2966 13
231 2906 337 2970 oacius
364 2910 475 2971 tuente
502 2905 704 2971 sententiam.
754 2904 836 2970 Tum
863 2905 1080 2990 Ptolemaeus,
1111 2905 1234 2992 ‘Digna

230 3015 362 3078 prorsus
382 2997 432 3058 est
449 2994 578 3059 suboles
584 2993 604 3076 ,'
627 2993 741 3078 inquit,
759 2993 852 3077 ‘quae
870 2993 1082 3061 Macedonum
1099 2996 1236 3080 imperet

230 3083 334 3168 genti,
360 3081 509 3148 Roxanes
532 3082 584 3147 vel
608 3081 763 3146 Barsinae
785 3081 887 3167 filius,
909 3083 999 3148 cuius
1021 3104 1138 3148 nomen
1161 3106 1235 3169 quo-

231 3193 291 3254 que
308 3170 474 3253 Europam
497 3171 599 3236 dicere
621 3171 760 3255 pigebit,
787 3171 910 3236 maiore
932 3174 1084 3255 exparte
1108 3172 1235 3256 captivi.

180 3271 214 3319 14
231 3258 302 3343 Est,
325 3282 381 3325 cur
402 3259 518 3323 Persas
540 3259 721 3342 vicerimus,
741 3261 777 3323 ut
800 3258 893 3342 stirpi
916 3281 1026 3324 eorum
1049 3260 1235 3343 serviamus,

230 3346 314 3431 quod
333 3348 412 3413 iusti
430 3347 481 3411 illi
498 3340 592 3430 reg'es
610 3346 734 3412 Dareus
753 3351 786 3411 et
799 3345 921 3412 Xerxes
934 3350 985 3413 tot
999 3347 1122 3413 mflium
1137 3349 1235 3434 agmi-

179 3436 324 3501 renibus
350 3436 514 3521 tantisque
541 3435 699 3500 classibus
721 3435 915 3518 nequiquam
936 3436 1127 3519 petiverrmt
1164 3437 1235 3502 Mea

230 3526 389 3589 sententia
410 3525 490 3589 haec
512 3527 576 3606 est,
597 3526 634 3587 ut
657 3523 731 3587 sede
753 3522 928 3587 Alexandri
951 3525 986 3588 in
1008 3525 1100 3608 regia
1120 3526 1235 3609 posita,

231 3611 285 3675 oui
317 3612 460 3675 consiliis
493 3610 560 3675 eius
594 3608 840 3695 adhibebantur,
873 3614 999 3696 coeant,
1030 3614 1181 3697 quotiens
1203 3614 1235 3677 in
