2600 4096
217 212 469 268 msroamaun
486 213 871 284 ALEXANDR1V1ss,1.a
990 214 1054 278 189
1131 183 1133 188 ⁵

477 409 562 475 *cna
584 365 626 475 Π.
691 358 694 364 ·

40 531 57 594 6
143 530 226 596 Male
261 532 410 598 humanis
446 534 583 618 ingeniis
614 538 731 599 natura
761 534 935 616 consuluit,
971 533 1089 617 quodl

67 620 241 704 plerumque
276 643 342 687 non
371 621 494 704 futura,
530 622 587 686 sed
622 626 786 688 transacta
821 621 1056 706 perpendimus.

68 707 178 792 Quippe
208 731 278 791 rex,
309 713 483 794 postquam
514 709 563 773 ira
592 714 701 775 mente
733 711 924 793 decesserat,
957 711 1055 774 etiam

67 796 208 861 ebrietate
236 797 379 862 discussa
405 797 659 882 magnitudinem
685 799 838 864 facinoris
867 821 938 864 sera
962 798 1056 862 aesti-

66 885 195 949 matione
217 887 390 968 perspexit.
435 885 588 968 Videbat,
613 890 690 951 tunc
711 887 883 953 immodica
905 887 1055 951 libertate
1074 897 1090 945 a

67 973 203 1056 abusum,
233 974 288 1037 sed
319 974 440 1058 alioqui
472 975 638 1059 egregium
669 975 755 1040 bello
786 977 891 1040 virum
918 979 964 1060 et,
992 975 1056 1038 nisi

67 1060 257 1126 erubesceret
274 1061 379 1146 fateri,
398 1066 593 1127 servatorem
609 1063 659 1127 sui
673 1064 820 1128 occisum.
856 1063 1056 1128 Detestabile

67 1148 213 1213 carnificis
241 1149 455 1215 ministerium
483 1155 694 1233 occupaverat
719 1173 789 1235 rex,
820 1152 991 1216 verborum
1017 1150 1056 1215 li-

68 1238 207 1321 centiam,
237 1260 319 1322 quae
346 1240 422 1303 vino
450 1243 578 1322 poterat
604 1240 760 1323 inputari,
792 1238 932 1303 nefanda
959 1239 1056 1304 caede

67 1325 151 1390 ultus.
195 1325 352 1391 Manabat
374 1331 444 1391 toto
466 1327 627 1392 vestibulo
651 1349 744 1391 cruor
766 1328 861 1411 paulo
885 1330 959 1391 ante
982 1343 1090 1392 con-a

66 1414 159 1477 rivae:
191 1415 306 1498 vigiles
339 1415 471 1480 attoniti
503 1419 536 1480 et
562 1416 766 1499 stupentibus
794 1415 915 1480 similes
942 1415 1055 1498 procul

67 1502 187 1566 stabant
212 1502 458 1587 liberioremque
486 1503 717 1588 paenitentiam
741 1503 879 1569 solitudo
903 1503 1055 1568 exciebat.

67 1587 143 1674 Ergo
180 1589 310 1655 hastam
347 1613 386 1656 ex
418 1612 550 1674 corpore
584 1592 718 1657 iacentis
751 1593 894 1657 evolsam
924 1591 1090 1655 retorsit4

67 1677 95 1740 in
120 1684 230 1744 semet:
262 1681 390 1764 iamque
418 1679 603 1744 admoverat
633 1680 768 1764 pectori,
801 1703 872 1745 cum
903 1679 1056 1743 advolant

67 1765 169 1849 vigiles
189 1772 222 1833 et
238 1769 432 1852 repugnanti
450 1789 467 1831 e
486 1770 634 1832 manibus
654 1771 845 1852 extorquent
859 1768 1055 1832 adlevatum-

68 1874 119 1935 que
134 1856 170 1919 in
189 1855 433 1920 tabernaculum
452 1856 606 1920 deferunt.
646 1855 707 1921 Ille
730 1856 820 1920 humi
838 1858 1056 1939 prostraverat
1074 1870 1090 1918 5

67 1961 170 2026 eorpus
199 1944 322 2028 gemitu
350 1944 533 2028 eiulatuque
556 1945 731 2008 miserabili
753 1947 857 2008 totam
879 1965 1055 2027 personans

66 2034 189 2113 regiam.
224 2031 361 2096 Laniare
382 2032 495 2097 deinde
519 2054 555 2096 os
578 2032 737 2116 unguibus
762 2037 802 2121 et
812 2033 1055 2097 circumstantes

66 2137 184 2202 rogare,
208 2142 249 2184 ne
272 2143 306 2184 se
324 2125 416 2184 tanto
436 2121 581 2185 dedecori
600 2120 805 2204 superstitem
824 2143 893 2186 esse
911 2126 1056 2205 pateren·
1145 2130 1149 2135 '

66 2208 120 2270 tur.
157 2207 249 2272 Inter
267 2209 326 2273 has
345 2230 454 2292 preces
472 2213 544 2274 tota
563 2231 626 2274 nox
644 2213 787 2274 extracta
805 2214 863 2274 est
909 2207 1055 2274 Scrutan·
1075 2229 1091 2276 o

66 2297 195 2381 temque,
216 2317 294 2360 num
313 2299 362 2361 ira
385 2297 517 2363 deorum
540 2296 580 2361 ad
597 2302 724 2361 tantum
742 2297 834 2361 nefas
853 2301 944 2362 actus
963 2300 1056 2380 esset,

66 2383 144 2446 subit
165 2385 419 2450 anniversarium
438 2385 627 2450 sacrificium
645 2385 762 2450 Libero
785 2385 876 2450 Patri
898 2406 964 2449 non
986 2406 1056 2449 esse

65 2470 217 2536 redditum
231 2476 353 2537 statuto
367 2479 524 2556 tempore:
547 2475 656 2557 itaque
670 2475 755 2538 inter
772 2475 884 2538 vinum
899 2476 931 2536 et
945 2472 1055 2556 epulas

65 2559 152 2623 caede
175 2561 348 2626 commissa
371 2562 452 2626 iram
472 2562 523 2626 dei
540 2561 639 2626 fuisse
658 2562 872 2626 manifestam.
908 2558 1055 2628 Getarum
1075 2581 1090 2628 s

65 2647 160 2731 magis
184 2669 221 2713 eo
244 2651 442 2733 movebatur,
464 2650 549 2734 quod
571 2651 713 2715 omnium
738 2649 912 2713 amicorum
931 2646 1055 2711 animos

64 2735 186 2801 videbat
208 2739 380 2802 attonitos:
407 2738 567 2802 neminem
595 2759 667 2802 cum
693 2739 764 2820 ipso
792 2736 913 2801 sociare
940 2757 1057 2800 sermo·

64 2841 130 2888 nem
142 2829 258 2909 postea
273 2849 436 2891 ausurum:
456 2827 625 2890 vivendum
643 2846 712 2888 esse
730 2825 764 2887 in
783 2824 954 2888 solitudine
968 2824 1057 2888 velut

63 2909 141 2977 ferae
164 2913 286 2978 bestiae
309 2915 443 2978 terrenti
466 2915 546 2978 alias
569 2914 768 2997 timentique.
812 2912 922 2976 Prima
945 2912 1057 2976 deinde
1076 2936 1092 2983 8

65 2996 127 3064 luce
152 3001 361 3067 tabernaculo
391 3025 518 3087 corpus,
549 3003 631 3066 sicut
658 3001 761 3066 adhuc
788 3005 956 3066 cruentum
979 3004 1057 3084 erat,

64 3086 151 3152 iussit
168 3089 290 3154 inferri.
332 3090 400 3167 Quo
420 3092 526 3174 posito
547 3097 621 3154 ante
639 3090 746 3172 ipsum
764 3089 907 3153 lacrimis
925 3088 1058 3166 obortis,

65 3171 182 3260 ‘Hano',
214 3180 332 3262 inquit,
364 3177 493 3243 ‘nutrici
524 3200 613 3242 meae
641 3179 781 3262 gratiam
812 3177 936 3260 rettuli,
967 3177 1057 3241 cuius

65 3261 118 3328 duo
138 3266 198 3329 filii
218 3267 302 3349 apud
321 3267 467 3331 Miletum
487 3289 544 3351 pro
565 3288 636 3330 mea
654 3266 761 3349 gloria
779 3267 955 3331 occubuere
972 3286 1057 3329 mor-

64 3351 135 3436 tem,
156 3354 211 3419 hic
229 3354 345 3440 frater,
367 3356 496 3420 unicum
515 3355 663 3418 orbitatis
682 3354 845 3438 solacium,
868 3377 888 3418 a
904 3375 956 3417 me
973 3353 1058 3418 inter

64 3441 165 3522 epulas
198 3443 322 3508 occisus
355 3448 413 3509 est
468 3442 537 3518 Quo
568 3465 654 3507 nunc
682 3465 716 3507 se
747 3443 892 3507 conferet
919 3441 1092 3512 miserato

64 3523 213 3595 Omnibus
246 3533 315 3596 eius
349 3555 432 3597 unus
467 3552 646 3616 supersum,
682 3553 777 3615 quem
810 3530 914 3594 solum
947 3531 1056 3614 aequis

64 3618 157 3683 oculis
175 3619 283 3685 videre
303 3643 369 3686 non
390 3621 519 3706 poterit.
555 3619 600 3685 Et
618 3640 678 3703 ego
698 3623 896 3684 servatorum
914 3639 1057 3682 meorum
