2582 4098
199 198 263 262 134
569 195 600 266 Q.
620 199 730 256 cuam
747 200 834 256 RUFI

197 343 311 408 tulisse
329 363 364 409 ss
385 343 542 408 adfirmat.
582 342 653 420 Quo
671 344 821 429 propiore
844 346 947 431 gradu
970 347 1128 412 amicitiae
1150 370 1202 414 ms

145 451 179 500 aa
199 431 374 518 contingis,
400 431 462 496 hoc
488 431 593 496 maius
616 436 667 498 est
689 433 955 499 dissimulationis
977 439 1053 500 tuae
1077 435 1202 502 facinus

198 524 232 584 et
262 540 322 606 ego
350 517 505 585 Cebalino
537 521 641 605 magis
671 543 768 606 quam
794 520 944 587 Philotae
973 522 1006 587 id
1034 525 1203 590 convenire

197 608 311 676 fateor.
346 607 521 672 Faventem
538 607 638 674 habes
655 608 807 692 iudicem,
826 609 867 690 si,
886 609 971 694 quod
989 611 1121 676 admitti
1138 633 1204 677 non

145 716 179 764 as
199 697 353 781 oportuit,
385 696 503 759 salim
534 697 666 781 purgari
696 695 825 780 potest'.
871 698 923 762 Ad
945 697 1025 763 haec
1055 699 1204 766 Philotas

197 785 282 850 haud
301 805 377 849 sana
397 783 556 868 trepidus,
579 786 606 849 si
625 785 750 850 animus
769 786 862 850 vultu
880 786 1122 863 aestimaretur,
1147 787 1203 854 Ge·

197 874 344 938 balinum
368 871 496 955 quidem
515 873 613 937 scorti
635 895 815 939 sermonem
837 873 932 939 adse
954 873 1126 962 detulisse,
1149 877 1204 943 sed

198 962 305 1044 ipsum
322 963 389 1024 tam
406 960 471 1024 levi
489 961 614 1026 auctori
631 960 713 1025 nihil
732 961 905 1027 credidisse
922 965 1104 1048 respondit,
1124 966 1204 1030 seri·

197 1053 281 1132 tum,
302 1069 343 1114 ne
362 1047 504 1133 iurgium
522 1049 606 1114 inter
624 1055 801 1114 amatorem
820 1054 854 1115 et
870 1051 1032 1116 exoletum
1049 1074 1117 1119 non
1136 1055 1204 1119 sine

145 1156 180 1205 ss
198 1137 265 1201 risu
280 1137 416 1201 aliorum
429 1136 611 1202 detulisset:
630 1158 702 1202 oum
716 1137 863 1222 Dymnus
877 1143 980 1204 semet
992 1139 1205 1227 interemerit,

198 1225 443 1310 qualiacumque
465 1232 570 1310 erant,
591 1247 658 1291 non
679 1225 780 1292 fuisse
797 1226 969 1292 reticenda.
1005 1225 1205 1313 Conplexus-

198 1334 259 1398 que
280 1334 390 1399 regem
413 1335 505 1416 orara
529 1314 648 1416 coepit,
669 1318 707 1379 ut
728 1315 948 1418 praeteritam·
960 1316 1061 1420 vitam
1085 1319 1206 1402 potius,

145 1511 178 1560 ,⁵
197 1423 294 1555 {tlt
306 1401 577 1573 Illittilssllj
588 1402 1205 1576 ltilzlttlllffl’blss‘ffi

196 1577 1205 1752 dbldlilsseetriddntdiddidldnmdegeidndidiaamtoeeeb‘artlddioindiffiss

196 1777 267 1822 esse
288 1754 390 1822 sideri
413 1754 475 1819 sibi
497 1754 587 1820 dixit

599 1913 679 1979 Cas.
702 1913 790 1980 VIII.

162 2043 176 2090 1
282 2019 450 2085 Advocato
469 2023 539 2084 tum
558 2021 693 2085 consilio
712 2021 901 2100 amicorum,
924 2020 975 2086 cui
996 2024 1107 2086 tamen
1124 2022 1244 2089 Phi-29

196 2109 280 2173 lotas
303 2107 466 2172 adhibitus
488 2128 555 2171 non
578 2105 898 2191 est,.Nioomachum
919 2108 1079 2174 introduci
1102 2110 1206 2178 iubet

160 2217 177 2266 a
196 2196 229 2260 Is
252 2194 377 2277 cadem,
401 2216 482 2279 quae
504 2195 664 2259 detulerat
682 2196 782 2276 frater
803 2197 844 2261 ad
866 2216 989 2282 regem,
1014 2198 1123 2263 ordine
1150 2223 1205 2266 ex-

196 2283 313 2367 posuit.
349 2281 432 2346 Erat
445 2279 596 2348 Craterus
615 2283 685 2367 regi
707 2304 798 2349 carus
821 2285 856 2349 in
877 2287 988 2369 paucis
1011 2290 1044 2350 et
1066 2308 1104 2352 eo
1123 2287 1204 2354 Phi·

160 2393 177 2442 a
196 2373 283 2437 lotae
298 2371 338 2436 ob
355 2371 602 2435 aemulationem
616 2370 784 2455 dignitatis
800 2373 967 2439 adversus:
986 2395 1089 2459 nsque
1106 2375 1204 2460 igno-

195 2460 299 2546 rabat,
317 2481 413 2544 saepe
426 2458 602 2525 Alexandri
619 2459 751 2524 auribus
764 2461 865 2526 nimia
878 2462 1053 2528 iactatione
1066 2464 1202 2531 virtutis

196 2552 291 2634 atque
301 2570 417 2633 operae
431 2568 562 2633 gravem
575 2546 674 2612 fuisse
686 2551 718 2612 et
732 2549 773 2613 ob
789 2571 827 2613 ea
839 2570 905 2614 non
919 2550 1048 2632 quidem
1059 2551 1204 2638 sceleris,

159 2659 176 2706 4
196 2639 252 2703 sed
265 2636 485 2704 contumaciae
499 2639 608 2701 tamen
623 2658 692 2701 esse
706 2641 898 2721 suspectum.
925 2635 1001 2703 Non
1014 2639 1114 2704 aliam
1125 2662 1203 2724 pre-

195 2726 302 2792 mendi
319 2725 442 2790 inimici
456 2726 657 2791 occasionem
673 2725 829 2809 aptiorem
847 2725 988 2790 futuram
1004 2730 1107 2811 ratus,
1125 2729 1201 2795 odio

195 2837 253 2882 suo
279 2813 412 2898 pictatis
434 2813 617 2897 praeferens
641 2812 792 2898 speciem,
820 2811 985 2899 ‘Utinam’,
1007 2815 1127 2900 inquit,
1153 2816 1202 2883 ‘in

160 2924 176 2972 s
194 2901 354 2986 principio
374 2922 499 2984 quoque
516 2900 611 2966 huius
625 2901 673 2965 rei
688 2901 856 2966 nobiscum
871 2901 1096 2968 deliberasses!
1119 2903 1200 2970 Sne·

195 2991 360 3072 sissemus,
383 2989 411 3053 si
427 2987 575 3054 Philotae
594 2989 693 3054 velles
712 2989 890 3074 ignoscere,
912 2992 1070 3075 patereris
1088 2992 1200 3076 potins

193 3079 345 3161 ignorare
368 3097 453 3161 eum,
483 3080 637 3161 quantum
661 3077 793 3142 deberet
813 3078 888 3162 tibi,
916 3099 1011 3162 quam
1033 3101 1134 3164 nsque
1156 3081 1200 3146 ad

193 3165 308 3232 mortis
331 3169 453 3230 metum
481 3167 651 3230 adductum
675 3186 805 3251 cogeres
831 3166 959 3250 saepius
988 3166 1027 3232 de
1053 3169 1199 3253 periculo

193 3254 439 3407 diffisi
456 3253 1054 3410 ttttssllzbnsllblibb
1073 3277 1199 3410 “bt

158 3430 368 3514 cignoscere.
411 3366 481 3496 Nepa
503 3391 672 3514 est‚'quod
695 3365 857 3496 existimds
880 3452 965 3516 eum,
991 3433 1047 3517 qui
1069 3367 1195 3499 dnum

193 3540 290 3584 ausus
313 3524 376 3604 est,
404 3521 498 3584 venia
524 3540 618 3602 posse
641 3520 768 3584 mutari.
810 3517 878 3586 Scit
900 3531 968 3604 eos,
996 3521 1051 3606 qui
1074 3520 1196 3586 miseri·

193 3607 334 3672 cordiam
364 3608 645 3690 consumpserunt,
673 3607 811 3692 amplius
839 3629 966 3692 sperare
997 3629 1062 3673 non
1092 3629 1196 3693 posse.
