2582 4098
206 117 249 182 56
422 203 428 212 .
577 117 608 182 Q.
628 118 739 173 CURTI
755 119 841 174 RUFI

207 261 447 347 sequendusque
484 265 568 326 esset
602 283 659 346 per
692 263 764 328 loca
795 263 883 327 omni
915 261 1085 328 solitudine
1121 266 1223 347 atque

155 371 189 418 14
206 350 314 434 inopia
335 355 437 416 vasta
480 348 585 434 Igitur
607 354 719 435 quarto
742 351 793 415 die
814 353 941 434 praeter
956 349 1146 415 Armeniam
1165 374 1222 435 pe-

206 443 313 504 netrat
344 438 384 503 ad
415 438 536 522 Tigrin
584 437 669 503 'Pota
700 439 789 523 regio
819 439 905 502 ultra
936 459 1064 502 amnem
1094 442 1223 505 recenti

205 527 351 592 fumabat
367 526 527 591 incendio:
545 527 662 611 quippe
675 526 835 611 Mazaeus,
852 547 1069 611 quaecumque
1084 527 1222 612 adierat,

155 634 188 683 1⁶
205 615 292 680 haud
323 635 413 679 secus
443 635 539 699 quam
565 614 668 679 bostis
695 614 818 680 urebat
862 613 911 679 Ac
937 614 1041 698 primo
1069 616 1222 700 caligine,

207 725 303 788 quam
333 702 440 766 fumus
471 702 640 781 effuderat,
672 703 861 769 obscurante
889 703 993 767 lucem
1023 702 1221 768 insidiarum

206 794 293 855 metu
320 790 478 854 substitit:
510 790 622 855 deinde
648 794 686 856 ut
711 792 925 876 speculatores
952 792 1125 875 praemissi
1150 796 1221 856 tuta

207 878 316 944 omnia
341 879 583 962 nuntiaverunt,
611 900 730 963 paucos
758 879 900 964 equitum
927 879 968 943 ad
989 881 1221 962 temptandum

205 966 323 1030 vadum
341 966 482 1031 fluminis
500 968 680 1050 praemisit:
703 968 793 1032 cuius
811 967 946 1033 altitudo
963 967 1069 1050 primo
1091 989 1222 1032 summa

206 1075 359 1138 equorum
381 1058 525 1139 pectora,
548 1077 636 1139 mox,
657 1056 751 1119 utin
772 1055 911 1119 medium
934 1056 1060 1120 alveum
1082 1060 1220 1120 rentum

155 1163 187 1212 16
207 1146 270 1225 est,
305 1144 442 1208 cervices
474 1165 599 1229 quoque
630 1143 795 1228 aequabat
848 1141 917 1208 Nec
948 1164 1033 1211 sane.
1059 1143 1148 1208 alius
1181 1144 1219 1208 ad

206 1229 345 1295 Orientis
380 1231 511 1317 plagam
540 1236 609 1296 tam
639 1232 799 1296 violentus
829 1231 1002 1315 invehitur,
1038 1233 1219 1297 multorum

204 1320 396 1384 torrentium
421 1341 488 1385 non
515 1342 613 1404 aquas
641 1321 759 1404 solum,
790 1319 846 1384 sed
873 1320 971 1384 etiarn
999 1341 1078 1384 saxa
1105 1341 1218 1386 secum

204 1407 345 1474 trahens.
385 1407 498 1493 Itaque
522 1430 542 1472 a
563 1408 733 1491 celeritate,
755 1430 820 1493 qua
841 1407 960 1490 defluit,
982 1407 1073 1492 Tigri
1095 1430 1218 1473 nomen

205 1499 256 1560 est
279 1496 433 1578 inditum,
463 1495 538 1579 qnia
559 1493 687 1560 Persica
712 1496 826 1580 lingua
852 1496 952 1580 tigrin
980 1496 1136 1580 sagittam
1164 1519 1217 1580 ap-

154 1603 187 1650 17
205 1585 335 1668 pellant
379 1583 484 1667 Igitur
505 1582 601 1666 pedes
623 1584 712 1648 velut
733 1584 853 1648 divisus
875 1585 910 1647 in
932 1604 1052 1648 cornua
1079 1583 1253 1649 circum-38

206 1671 281 1738 dato
304 1671 462 1757 equitatu,
491 1670 605 1735 levatis
629 1692 724 1755 super
744 1673 852 1754 capita
874 1673 985 1755 armis,
1006 1671 1096 1735 haud
1118 1694 1216 1758 aegre

154 1779 187 1828 18
206 1760 247 1824 ad
275 1761 382 1844 ipsum
408 1759 534 1823 alveum
559 1762 714 1842 penetrat
757 1758 883 1825 Primus
905 1761 990 1824 inter
1010 1759 1135 1843 pedites
1161 1783 1217 1825 rex

205 1868 352 1932 egressus
374 1847 410 1910 in
430 1846 535 1930 ripam
555 1847 673 1911 vadum
694 1847 850 1912 militibus
873 1869 980 1931 manu,
1003 1846 1132 1932 quando
1156 1871 1217 1913 vox

206 1935 347 1999 exaudiri
376 1955 443 1998 non
468 1938 608 2018 poterat,
639 1936 787 2000 ostendit
832 1933 894 2000 Sed
923 1936 1059 2020 gradum
1086 1937 1217 2000 firmare

204 2023 258 2086 rix
279 2023 444 2105 poterant,
475 2045 547 2086 cum
569 2023 664 2087 modo
687 2045 765 2087 saxa
786 2024 909 2088 lubrica
929 2024 1102 2108 vestigium
1124 2024 1215 2088 falle·

154 2131 186 2179 19
205 2113 285 2192 rent,
307 2109 402 2173 modo
425 2109 565 2192 rapidior
586 2110 672 2175 unda
696 2111 893 2176 subduceret
926 2111 1121 2194 Praecipuus
1145 2117 1216 2177 erat

204 2198 297 2262 labor
328 2217 452 2281 corum,
487 2199 542 2283 qui
571 2197 712 2262 humeris
744 2221 842 2263 onera
871 2200 1058 2283 portabant:
1094 2200 1215 2285 quippe

205 2307 278 2351 oum
305 2285 494 2369 semctipsos
519 2307 629 2371 regere
655 2309 723 2351 non
748 2291 894 2370 possent,
920 2289 956 2351 in
982 2288 1112 2371 rapidos
1140 2309 1214 2372 gur·

205 2374 287 2458 gites
322 2374 525 2439 incommodo
563 2396 658 2439 onere
690 2375 928 2460 auferebantur,
963 2379 1009 2459 et,
1045 2376 1123 2440 dnm
1154 2399 1215 2440 sua

205 2462 339 2546 quisquo
360 2462 464 2547 spolia
481 2464 633 2546 consequi
650 2463 765 2546 studet,
787 2465 889 2527 maior
905 2465 990 2528 inter
1007 2465 1096 2547 ipsos
1116 2486 1214 2548 quam

205 2572 277 2614 cum
313 2551 401 2614 amni
436 2554 509 2616 crta
538 2551 670 2616 luctatio
703 2555 769 2640 est,
803 2552 984 2636 cumulique
1016 2552 1213 2616 sarcinarum

152 2657 187 2705 20
204 2638 326 2722 passim
347 2639 511 2704 fluitantes
533 2640 702 2723 plerosque
728 2640 937 2723 perculerant
981 2638 1051 2704 Rex
1073 2662 1214 2724 monere,

203 2729 241 2790 ut
263 2728 341 2790 satis
363 2727 521 2792 haberent
541 2749 632 2792 arma
651 2727 797 2811 retinere,
822 2731 928 2792 cetera
949 2749 983 2792 sc
1005 2727 1212 2792 redditurum.

204 2812 267 2879 Sed
294 2835 397 2898 neque
426 2816 595 2880 consilium
623 2837 726 2899 neque
752 2816 922 2899 imperium
948 2816 1049 2899 accipi
1071 2819 1212 2900 poterat:

204 2903 411 2986 obstrepebat
431 2903 508 2967 hinc
530 2907 633 2968 metus
639 2954 647 2986 ,
674 2908 801 2987 praeter
821 2904 908 2968 bunc
929 2904 1066 2968 invicem
1088 2905 1211 2968 luctan-

151 3009 184 3057 21
203 2992 285 3054 tium
301 2993 434 3054 mutuus
452 2992 579 3056 clamor.
610 2992 754 3056 Tandem
771 3013 835 3076 qua
852 2992 972 3056 leniore
984 2995 1091 3056 tractu
1105 2994 1210 3056 amnis

204 3078 308 3162 aperit
328 3078 459 3162 vadum,
481 3100 649 3164 emersere,
671 3101 731 3144 ncc
753 3080 923 3164 quicquam
944 3083 1072 3164 praeter
1093 3103 1212 3164 paucas

151 3167 346 3234 assuminus
374 3166 589 3232 desideratum
615 3171 673 3232 est
717 3167 825 3232 Deleri
852 3169 960 3251 potuit
987 3169 1160 3251 exercitus,
1186 3169 1212 3232 si

202 3256 275 3339 quis
303 3255 429 3319 vincere
456 3277 553 3319 ausus
580 3260 678 3338 esset,
710 3256 765 3320 sed
791 3259 947 3339 perpetua
971 3255 1104 3320 fortuna
1126 3258 1210 3342 regis

203 3344 320 3408 avertit
335 3343 410 3407 inde
427 3343 563 3408 hostem
600 3341 653 3408 Sic
666 3343 840 3409 Granicum
858 3348 909 3408 tot
923 3344 1053 3408 milibus
1067 3346 1209 3428 equitum

201 3431 407 3516 peditumque
433 3433 468 3495 in
495 3432 646 3496 ulteriore
673 3433 833 3497 stantibus
859 3432 932 3514 ripa
958 3433 1135 3516 superarit,
1167 3434 1209 3496 sic

202 3520 348 3604 angustis
393 3520 428 3583 in
466 3517 596 3584 Ciliciae
641 3520 776 3584 callibus
812 3524 938 3584 tantam
972 3521 1208 3586 multitudinem
