2602 4094
264 217 517 275 HISTORIARUM
533 218 750 276 ALEXANDRI
768 219 854 289 VIllI,
873 227 898 276 4.
917 225 942 274 b.
1045 219 1112 284 239

103 359 333 428 obruebantur.
382 361 524 428 Tandem
556 363 811 448 magnitudinem
844 364 978 448 periculi
1009 363 1112 447 pudor

102 450 197 533 vicit,
224 449 340 534 quippe
364 451 536 516 cernebant
559 451 762 518 cunctatione
786 475 844 517 sua
871 451 942 517 dedi
964 451 1110 516 hostibus

102 557 223 622 regem.
260 535 322 602 Sed
339 538 523 604 festinando
543 539 751 606 morabantur
769 539 895 606 auxilia.
931 538 1016 604 Nam
1035 539 1110 604 dum
1129 552 1162 600 aa

102 647 163 710 pro
188 646 223 689 ee
246 626 379 711 quisque
402 631 505 693 certat
528 628 673 712 evadere,
702 650 874 694 oneravere
899 628 1015 711 scalas,
1038 628 1111 713 quie

103 735 169 778 non
192 712 427 781 sufficientibus
453 715 595 781 devoluti
616 718 745 781 unicam
767 739 858 801 spem
879 716 967 800 regis
993 715 1111 781 fefelle-

103 804 191 867 runt.
235 797 351 868 Stabat
373 805 459 868 enim
481 805 516 868 iu
539 809 713 889 conspeetu
734 807 820 871 tanti
842 805 999 871 exercitus
1022 804 1112 870 velut

104 889 140 954 in
162 888 336 956 solitudine
359 891 541 958 destitutus.

539 1049 617 1117 Car.
639 1050 679 1116 V.

60 1163 95 1227 19
193 1155 326 1241 Iamque
356 1156 495 1241 laevam,
532 1177 596 1241 qua
627 1157 766 1239 clipeum
799 1157 839 1222 ad
868 1157 953 1223 ictus
979 1161 1145 1225 circum-1

105 1244 245 1330 ferebat,
277 1246 457 1310 lassaverat
486 1244 701 1310 clamantibus
733 1245 859 1329 amicis,
887 1249 925 1310 ut
956 1247 996 1312 ad
1023 1247 1111 1332 ipsos

107 1332 264 1417 desiliret,
283 1332 479 1417 stabantque
498 1333 674 1415 excepturi:
695 1353 767 1398 cum
785 1333 842 1398 ille
860 1355 1043 1400 nemausus
1062 1339 1112 1401 est

105 1421 328 1486 incredibilem
342 1424 439 1505 atque
451 1421 630 1486 inauditam
644 1421 809 1505 multoque
822 1421 926 1506 magis
937 1422 977 1487 ed
990 1423 1111 1487 famam

105 1509 300 1575 temeritatis
319 1531 416 1594 quam
435 1511 573 1593 gloriam
585 1509 756 1593 insignem.
786 1509 935 1594 Namque
952 1510 986 1574 in
999 1511 1111 1576 urbem
1130 1524 1147 1570 a

105 1597 251 1664 hostium
263 1598 394 1682 plenam
411 1597 579 1681 praecipiti
593 1599 679 1663 saltu
694 1598 865 1682 semetipse
878 1598 1021 1682 immisit,
1040 1620 1110 1664 cum

106 1687 161 1752 vix
184 1707 312 1769 sperare
340 1690 463 1769 posset,
490 1686 696 1751 dimicantem
720 1690 806 1751 certe
829 1690 862 1751 et
885 1708 951 1750 non
973 1687 1111 1752 inultum

107 1795 177 1840 esse
195 1776 401 1839 moriturum:
423 1774 547 1859 quippe·
560 1778 732 1858 antequam
750 1774 952 1858 adsurgeret,
973 1775 1112 1859 opprimi

105 1866 237 1947 poterat
254 1865 287 1927 et
305 1863 376 1947 capi
394 1861 495 1927 vivus.
530 1859 593 1926 Sed
615 1861 699 1925 forte
721 1862 768 1926 ita
789 1863 966 1927 libraverat
987 1876 1147 1946 corpus,e

106 1956 145 2016 ut
162 1971 197 2014 se
218 1951 353 2034 pedibus
373 1951 540 2035 exciperet.
577 1948 691 2034 Itaque
710 1953 800 2014 stans
822 1951 885 2015 init
906 1971 1049 2035 pugnam
1072 1955 1112 2034 et,

106 2060 147 2104 ne
167 2038 328 2103 circumiri
346 2045 468 2122 posset,
487 2038 619 2103 fortuna
635 2037 830 2121 providerat.
860 2036 998 2104 Vetusta
1015 2040 1112 2104 arbor
1130 2054 1147 2100 4

106 2126 194 2192 haud
216 2127 328 2210 procul
350 2148 442 2191 muro
465 2148 573 2191 ramos
596 2127 701 2190 multa
730 2125 842 2191 fronde
865 2128 1002 2193 vestitos
1025 2128 1113 2194 velut

107 2215 147 2279 de
175 2215 334 2279 industria
355 2234 465 2299 regem
491 2217 697 2300 protegentes
721 2215 896 2281 obiecerat:
923 2216 1019 2282 huius
1042 2238 1113 2300 spa·

106 2305 193 2368 tioso
226 2303 331 2388 stipiti
367 2323 482 2387 corpus
517 2303 570 2384 [ne
602 2303 762 2368 circumiri
793 2305 917 2388 posset]
950 2305 1113 2389 adplicuit,

107 2391 212 2475 clipeo
239 2392 319 2476 tela,
349 2412 429 2476 quae
452 2412 492 2455 ex
514 2391 646 2456 adverso
673 2391 916 2477 ingerebantur,
943 2393 1112 2477 excipiens.

106 2479 195 2544 Nam
226 2499 299 2544 eum
329 2500 430 2544 unum
460 2479 572 2564 procul
603 2484 654 2544 tot
685 2501 799 2546 manus
831 2484 989 2565 peterent,
1020 2491 1148 2544 nemos

107 2571 219 2632 tamen
242 2567 381 2632 audebat
403 2569 535 2652 propius
559 2568 719 2633 accedere:
741 2568 877 2632 missilia
898 2569 997 2632 ramis
1020 2569 1113 2650 plura

107 2677 207 2741 quam
234 2656 336 2741 clipeo
363 2655 556 2721 incidebant.
596 2656 767 2740 Pugnabat
791 2676 851 2739 pro
874 2675 950 2738 rege
973 2655 1149 2739 primumo

107 2744 263 2810 celebrati
293 2745 434 2810 nominis
461 2745 562 2827 fama,
593 2744 707 2809 deinde
734 2742 929 2827 desperatio,
960 2763 1112 2829 magnum

107 2833 148 2897 ad
176 2831 312 2897 honeste
335 2832 533 2898 moriendum
559 2832 814 2897 incitamentum.
854 2829 915 2896 Sed
943 2853 1015 2896 cum
1037 2832 1148 2897 sub-u

108 2920 184 2985 inde
206 2920 311 2986 hostis
335 2921 500 3002 adtineret,
528 2921 594 2985 iam
621 2920 784 3004 ingentem
809 2919 875 2984 vim
897 2921 1037 2986 telorum
1060 2941 1111 2984 ex·

107 3013 239 3092 ceperat
272 3009 389 3091 clipeo,
421 3009 488 3072 iam
519 3009 645 3092 galeam
677 3029 754 3073 saxa
782 3007 1016 3094 perfregerant,
1046 3007 1112 3073 iam

108 3099 260 3162 continuo
292 3098 404 3162 labore
435 3100 570 3182 gravata
602 3115 707 3181 genua
741 3096 948 3162 succiderant.
998 3096 1147 3179 Itaquee

109 3186 322 3270 contemptim
345 3189 379 3250 et
401 3185 528 3250 incaute
551 3186 606 3268 qui
632 3183 771 3268 proximi
794 3189 950 3251 steterant
974 3186 1113 3249 incurre-

105 3278 198 3339 runt:
221 3295 238 3338 e
261 3274 376 3359 quibus
400 3272 479 3338 duos
503 3273 610 3356 gladio
628 3274 676 3337 ita
694 3274 832 3357 excepit,
854 3277 891 3339 ut
909 3276 985 3338 ante
1006 3273 1112 3356 ipsum

102 3363 273 3428 exanimes
292 3361 546 3446 procumberent.
585 3361 655 3427 Neo
677 3362 824 3445 cuiquam
847 3361 958 3426 deinde
980 3361 1112 3446 propius

109 3450 291 3517 incessendi
308 3471 381 3521 eum
404 3449 530 3515 animus
553 3449 627 3515 fuit:
651 3450 762 3535 procul
784 3450 891 3514 iacula
912 3450 1112 3534 sagittasque

62 3539 293 3606 remittebant.
336 3538 398 3603 Ille
425 3538 466 3603 ad
493 3559 602 3603 omnes
629 3537 712 3603 ictus
741 3539 904 3623 expositus
930 3558 996 3602 non
1018 3548 1148 3621 aegrae

109 3633 219 3695 tamen
251 3631 417 3711 exceptum
451 3627 628 3712 poplitibus
660 3648 774 3709 corpus
810 3626 974 3709 tuebatur,
1013 3623 1113 3689 donee
