2600 4096
252 221 316 286 188
621 222 653 288 Q.
672 219 784 277 cunni
802 222 888 277 RUFI

199 378 231 426 41
251 367 369 432 bantur
391 367 555 431 abducere.
591 362 707 448 Clitus,
725 386 797 430 cum
816 366 1066 450 abstraheretur,
1088 368 1128 432 ad
1144 369 1236 452 pristi-

250 477 326 520 nam
352 455 539 520 violentiam
566 454 616 518 ira
638 475 763 536 quoque
791 454 927 538 adiecta,
955 477 1012 520 suo
1036 462 1162 540 pectore
1185 460 1238 521 ter·

250 564 327 629 gum
345 543 434 608 illius
453 564 522 607 esse
541 541 715 624 defensum,
737 563 830 625 nuno,
850 547 1023 626 postquam
1041 545 1127 608 tanti
1144 546 1237 610 meriti

250 631 453 716 praeterierit
482 634 623 714 tempus,
655 630 753 694 etiam
784 632 971 694 memoriam
1002 631 1142 696 invisam
1171 655 1237 716 esse,

198 731 232 779 44
250 720 436 804 proclamat
476 717 582 783 Attali
600 739 726 802 quoque
745 719 873 782 caedem
892 719 1053 784 obiciebat
1071 720 1160 785 etad
1178 722 1237 785 ulti·

250 829 339 872 mum
369 805 469 889 Iovia,
499 827 594 890 quem
625 808 750 888 patrem
778 807 841 871 sibi
867 806 1050 872 Alexander
1082 809 1238 891 adsereret,

251 895 417 959 oraculum
439 893 582 975 eludens,
608 894 734 958 veriora
761 916 795 958 se
822 894 892 980 regi
915 917 1012 980 quam
1033 900 1159 978 patrem
1181 898 1236 960 eius

198 993 232 1042 43
251 982 455 1065 respondisse
473 982 608 1046 dicebat.
648 980 719 1046 Iam
741 985 868 1047 tantum
890 983 957 1048 irae
980 989 1169 1068 conceperat
1186 1007 1238 1068 rex,

252 1073 407 1156 quantum
429 1071 483 1134 rix
506 1071 630 1135 sobrius
652 1070 737 1134 ferre
759 1071 927 1153 potuisset.
970 1070 1146 1138 Enimvero
1172 1073 1237 1137 olim

199 1169 234 1217 44
252 1180 340 1223 mero
363 1159 509 1223 sensibus
532 1159 627 1223 victis
651 1180 689 1222 ex
711 1159 793 1223 lecto
810 1162 940 1243 repente
959 1161 1119 1243 prosiluit.
1157 1160 1237 1225 Atto-

250 1247 311 1310 niti
334 1247 429 1311 amici
449 1267 490 1311 ne
512 1245 627 1329 positis
650 1245 789 1330 quidem,
811 1247 867 1311 sed
885 1248 1019 1312 abiectis
1036 1249 1162 1332 poculis
1178 1270 1237 1314 eon·

251 1338 388 1420 surgunt
414 1335 449 1398 in
471 1338 620 1399 eventum
641 1335 700 1416 rei,
729 1357 825 1419 quam
852 1338 945 1400 tanto
972 1336 1097 1421 impetu
1123 1342 1236 1402 actums

198 1433 233 1482 45
251 1427 353 1506 esset,
384 1422 510 1487 intenti
562 1421 744 1486 Alexander
772 1425 865 1506 rapta
895 1424 1007 1489 lancea
1036 1447 1075 1488 ax
1104 1426 1236 1490 manibus
1281 1421 1282 1426 ’

251 1511 403 1597 armigeri
429 1509 551 1576 Clitum
576 1510 680 1574 adhuc
709 1511 820 1575 eadem
849 1511 979 1596 linguae
1005 1512 1236 1596 intemperantia
1281 1520 1282 1528 ’

250 1600 409 1664 furentem
435 1603 600 1682 percutere
628 1602 760 1663 conatus
789 1621 808 1662 a
830 1599 1017 1665 Ptolemaeo
1046 1605 1080 1665 et
1102 1600 1237 1666 Perdicca

198 1698 232 1747 46
250 1688 422 1752 inhibetur.
462 1686 605 1750 Medium
627 1687 774 1769 conplexi
793 1688 852 1768 [et]
872 1688 1032 1752 obluctari
1049 1711 1236 1772 perseveran-

249 1779 316 1840 tem
339 1775 562 1840 morabantur:
585 1774 795 1857 Lysimachus
814 1780 848 1840 et
864 1774 1049 1840 Leonnatus
1069 1777 1167 1842 etiam
1183 1778 1236 1841 lan·

197 1875 230 1923 47
250 1885 340 1928 ceam
368 1863 576 1928 abstulerant.
619 1862 680 1926 Ille
706 1863 847 1928 militum
872 1863 968 1928 fidem
990 1865 1155 1947 inplorans
1175 1887 1235 1930 con·

249 1951 403 2034 prehendi
426 1973 459 2015 so
483 1974 503 2017 a
524 1951 678 2034 proximis
702 1953 890 2035 amicorum,
915 1952 1000 2034 quod
1023 1953 1130 2017 Dareo
1150 1973 1236 2036 nuper

250 2039 427 2121 accidisset,
445 2040 604 2104 exclamat
617 2040 808 2124 signumque
826 2040 905 2104 tuba
923 2039 1001 2123 dari,
1019 2044 1056 2105 ut
1074 2042 1115 2105 ad
1128 2043 1235 2127 regiam

196 2137 231 2185 4ss
251 2127 368 2190 armati
388 2127 523 2211 coirent,
545 2128 645 2192 iubet.
689 2128 771 2191 Tum
794 2149 869 2193 vero
891 2128 1095 2193 Ptolemaeus
1123 2134 1156 2195 et
1175 2129 1235 2194 Per·

249 2214 354 2277 diccas
382 2214 517 2297 genibus
545 2215 689 2279 advoluti
716 2221 823 2298 orant,
854 2237 894 2280 nc
925 2217 959 2280 in
986 2221 1054 2280 tam
1081 2214 1235 2301 praecipiti

249 2303 298 2366 ira
324 2305 507 2385 perseveret
538 2303 740 2387 spatiumque
771 2305 880 2386 potius
908 2304 1014 2368 animo
1042 2305 1112 2370 det:
1143 2305 1235 2370 omnia

248 2394 378 2475 postero
410 2390 461 2453 die
492 2390 608 2454 iustius
640 2395 854 2456 executurum.
909 2391 971 2457 Sed
1002 2392 1129 2457 clausae
1160 2395 1235 2457 eraut
1280 2411 1281 2482 ]

196 2491 229 2539 49
249 2501 342 2544 aures
374 2478 579 2562 obstrepente
610 2479 669 2543 iras
714 2479 826 2564 Itaque
857 2480 1018 2564 impotens
1050 2482 1152 2546 animi
1178 2502 1235 2566 pro
1280 2483 1281 2536 l

249 2568 350 2633 currit
375 2567 410 2632 in
436 2566 544 2650 regiae
571 2568 765 2632 vestibulum
792 2574 825 2632 et
846 2569 939 2653 vigili
961 2569 1134 2634 excubanti
1154 2569 1235 2633 hasla

248 2656 358 2722 ablata
390 2656 536 2721 constitit
567 2656 600 2720 in
632 2656 735 2739 aditu,
766 2678 828 2740 quo
855 2678 984 2721 necesse
1012 2661 1082 2721 erat
1108 2659 1162 2742 iis,
1191 2653 1235 2738 qui

196 2755 229 2804 oo
249 2744 345 2808 simul
364 2746 566 2827 censuerant,
585 2744 701 2828 egredi.
737 2744 894 2809 Abierant
912 2745 1018 2809 ceteri.
1055 2743 1159 2811 Clitus
1176 2742 1235 2808 ulti-

248 2853 319 2895 mus
348 2831 416 2895 sine
443 2832 563 2896 lumine
591 2833 707 2897 exibat.
753 2831 854 2908 Quem
881 2854 950 2915 rex,
980 2833 1128 2917 quisnam
1155 2833 1235 2909 esset,

248 2919 438 3003 interrogat.
485 2917 660 2984 Eminebat
691 2922 789 2985 etiam
820 2921 855 2985 in
886 2942 962 2985 voce
990 2921 1133 3005 sceleris,
1163 2917 1235 3004 quod

196 3018 227 3066 51
247 3008 399 3090 parabat,
423 3009 586 3072 atrocitas.
629 3007 675 3072 Et
702 3009 772 3092 ille,
797 3009 863 3073 iam
885 3030 951 3073 non
974 3031 1064 3092 suae,
1087 3009 1139 3073 sed
1159 3005 1234 3090 regis

247 3096 315 3159 irae
337 3116 468 3173 memor,
492 3093 612 3161 Clitum
637 3117 705 3161 esse
729 3100 762 3160 et
785 3096 823 3160 de
842 3096 989 3161 convivio
1012 3098 1098 3162 exire
1120 3115 1234 3178 respon·

197 3194 229 3242 52
250 3183 305 3247 dit
354 3181 444 3246 Haec
476 3183 611 3248 dicentis
641 3184 727 3248 latus
754 3184 850 3249 hasta
878 3185 1043 3250 transfixit
1070 3182 1235 3250 morientis

248 3293 309 3355 que
328 3270 483 3354 sanguine
502 3272 681 3356 adspersus,
699 3270 727 3336 Ἱ
739 3270 843 3352 nunc‚’
861 3273 975 3357 inquit,
995 3273 1047 3339 ‘ad
1064 3271 1234 3356 Philippum

249 3363 282 3423 et
303 3356 549 3424 Parmenionem
573 3363 605 3424 et
627 3359 796 3426 Attalum?
