2600 4096
275 182 530 239 msroumnun
546 182 762 238 Annxhunnl
780 182 828 246 VI.
848 190 889 239 11.
1016 184 1080 250 145

77 330 238 393 autemst
260 325 413 393 Craterus
436 331 470 392 et
491 325 617 394 Coenus
640 329 813 394 tormentis
835 329 1005 394 veritatem
1027 353 1079 395 ex·

77 416 276 500 primendam
307 438 377 482 esse
406 415 556 480 dixerunt
588 419 621 481 et
651 417 701 481 illi
734 438 874 501 quoque,
906 418 961 502 qui
992 419 1079 484 aliud

77 508 255 588 suaserant,
279 505 315 568 in
341 505 457 569 horum
484 505 677 570 sententiam
704 509 883 571 transeunt.
934 503 1079 573 Consilio
1098 519 1131 568 11

78 613 154 678 crgo
181 593 314 658 dimisso
337 591 561 676 Hephaestion
588 614 659 658 cum
683 591 817 660 Cratero
845 598 879 659 et
901 591 1011 660 Coeno
1038 595 1080 659 ad

78 683 296 766 quaestionem
320 681 359 744 de
386 680 519 746 Philota
544 680 726 746 habendam
757 686 963 768 consurgunt
1010 683 1079 748 Rex
1099 693 1133 742 12

78 767 208 836 Cratero
228 769 383 835 accersito
403 773 437 833 et
454 791 602 834 sermone
620 770 743 855 habito,
760 771 850 836 cuius
869 793 995 836 summa
1012 793 1080 836 non

77 859 161 923 edita
182 862 243 941 est,
262 859 297 922 in
316 858 465 922 intimam
484 856 658 924 deversorii
676 863 803 942 partem
826 860 960 925 secessit
982 864 1016 926 et
1033 882 1081 925 re·

77 947 171 1012 motis
195 946 328 1012 arbitris
350 947 382 1010 in
406 947 543 1010 multem
565 950 694 1012 noctem
715 947 914 1031 quaestionis
933 953 1080 1033 expecta·

77 1037 121 1099 rit
148 1038 306 1101 eventum.
350 1033 503 1099 Tortores
532 1035 567 1099 in
593 1039 766 1118 conspectu
792 1035 941 1101 Philotae
971 1038 1081 1103 omnia
1100 1048 1133 1096 13

77 1122 274 1205 crudelitatis
292 1123 508 1187 instrumenta
521 1127 713 1206 proponunt
744 1122 789 1188 Et
803 1123 859 1188 ille
873 1124 970 1209 ultro,
984 1126 1080 1202 ‘Quid
1100 1136 1134 1184 14

78 1209 230 1296 cessatis',
259 1211 379 1296 inquit,
408 1209 506 1294 ‘regis
533 1211 713 1295 inimicum,
744 1211 982 1277 interfectorem
1009 1235 1081 1279 con·

76 1300 220 1365 fitentem
238 1299 404 1364 occidere?
427 1299 504 1382 quid
527 1301 713 1383 quaestione
736 1321 818 1383 opus
837 1299 908 1364 est?
931 1302 1082 1386 cogitavi,

76 1387 183 1454 volui’.
230 1385 381 1452 Craterus
400 1389 537 1471 exigere,
559 1392 605 1471 ut,
627 1409 710 1474 quae
727 1388 941 1472 eonfiteretur,
963 1390 998 1452 in
1016 1393 1081 1455 tor·

77 1477 196 1542 mentis
217 1497 344 1561 quoque
366 1475 495 1541 diceret.
536 1475 626 1579 pum
646 1476 826 1561 corripitur,
849 1479 908 1558 [et]
932 1477 1007 1540 dum
1026 1478 1081 1542 ob·
1100 1479 1135 1537 lt

76 1565 220 1650 ligantur
246 1565 344 1644 oculi,
367 1564 444 1628 dum
466 1567 566 1630 vestrs
589 1565 727 1649 exuitur,
750 1565 826 1630 deos
848 1564 982 1649 patrios,
1004 1585 1081 1650 gen·

77 1655 157 1717 tium
189 1655 261 1718 iura
292 1653 487 1736 nequiquam
519 1653 604 1736 apud
635 1653 749 1719 surdas
780 1674 873 1718 aures
900 1653 1080 1719 invocabat

77 1739 138 1806 Per
158 1741 293 1807 ultimos
316 1741 428 1805 deinde
452 1741 625 1824 cruciatus,
654 1744 766 1825 utpote
794 1745 828 1805 et
851 1740 1021 1806 damnatus
1048 1745 1081 1806 et

9 1899 10 1904 ,
77 1830 214 1894 inimicis
237 1830 271 1894 in
293 1830 434 1912 gratiam
457 1829 544 1913 regis
566 1829 803 1913 torquentibus,
825 1829 992 1894 laceratur.
1032 1830 1081 1895 Ac
1101 1843 1135 1891 16

9 1929 10 1934 ’
76 1918 181 2001 primo
196 1939 390 2003 quamquam
406 1917 482 1981 hinc
500 1916 596 2000 ignis,
613 1917 704 1982 illino
720 1917 856 1982 verbera
873 1918 939 1981 iam
956 1939 1022 1982 non
1040 1918 1082 1982 ad

78 2006 306 2090 quaestionem,
329 2006 385 2070 sed
405 2005 445 2069 ad
463 2026 600 2088 poenam
622 2004 862 2090 ingerebantur,
884 2025 951 2071 non
968 2027 1080 2072 vocem

78 2095 182 2180 modo,
200 2094 257 2159 sed
276 2095 374 2158 etiam
391 2095 530 2179 gemitus
549 2093 664 2158 habuit
675 2093 710 2158 in
727 2096 903 2178 potestate:
922 2094 978 2159 sed
994 2099 1082 2180 post
1101 2107 1135 2156 1⁷

78 2205 174 2267 quam
200 2183 415 2247 intumescens
441 2203 557 2266 eorpus
583 2182 744 2248 ulceribus
768 2183 970 2268 flagellorum
997 2185 1082 2249 ictus

77 2271 170 2336 nudis
197 2271 324 2336 ossibus
348 2271 493 2334 incussos
515 2269 581 2335 fere
602 2292 669 2336 non
691 2275 834 2355 poterat,
862 2270 890 2336 si
911 2273 1082 2337 tormentis

78 2358 255 2425 adhibituri
277 2358 410 2424 modum
433 2362 550 2442 essent,
572 2359 732 2425 dicturum
754 2381 798 2444 se,
820 2380 903 2444 quae
926 2360 1007 2424 scire
1031 2382 1082 2423 er·

78 2451 235 2533 peterent,
257 2447 437 2530 pollicetur.
481 2443 545 2511 Sed
563 2448 659 2513 finem
677 2449 859 2531 quaestioni
876 2447 954 2529 fore,
976 2447 1083 2523 iurare

79 2557 131 2600 eos
160 2558 219 2620 per
245 2535 421 2600 Alexandri
447 2536 584 2600 salutem
610 2537 740 2601 volebat
765 2535 986 2618 removerique
1017 2539 1082 2598 tor·

78 2627 173 2690 tores.
222 2623 268 2688 Et
297 2627 434 2707 utroque
465 2624 640 2708 inpetrato,
661 2621 835 2706 '‘Oratore’,
861 2622 980 2704 inquit,
1013 2621 1083 2706 uic,
1103 2641 1137 2691 18

79 2713 154 2796 quid
183 2734 235 2776 me
257 2711 338 2778 velis
361 2710 487 2776 dicere’.
530 2711 592 2777 Illo
615 2712 806 2795 indignante
829 2709 988 2774 ludificari
1010 2729 1138 2780 eum19

78 2822 252 2884 rursusque
287 2803 458 2866 revocante
494 2803 632 2865 tortores
664 2804 792 2881 tempus
828 2801 937 2880 petere
969 2799 1076 2882 coepit

79 2888 153 2954 dum
166 2888 326 2973 reciperet
340 2888 499 2972 spiritum,
517 2892 640 2972 cuncta,
658 2908 742 2970 quae
754 2886 861 2970 sciret,
878 2885 1083 2968 indicaturus¹

9 3023 10 3026 κ
78 2976 215 3042 Interim
229 2977 362 3060 equites,
379 2975 602 3041 nobilissimus
617 2975 751 3060 quisque
769 2977 803 3038 et
820 2975 844 3038 ii
862 2976 1009 3060 maxime,
1028 2974 1084 3060 qui
1102 2997 1138 3045 «ιο

79 3064 326 3130 Parmenionem
343 3065 526 3148 propinqua
544 3063 737 3148 cognatione
760 3063 976 3148 contingebat,
997 3067 1085 3146 post-

9 3199 10 3236 ,
79 3147 175 3238 quam
193 3152 349 3219 Philotan
366 3154 508 3237 torqueri
531 3153 620 3217 fama
637 3152 836 3236 vulgaverat,
858 3153 964 3236 legem
981 3151 1085 3216 Mace·

9 3245 10 3248 ’
79 3242 198 3308 donum
220 3242 332 3325 veriti,
359 3263 423 3328 qua
445 3245 574 3306 cautum
598 3245 681 3325 erat,
708 3244 745 3305 ut
770 3239 943 3324 propinqui
966 3261 1086 3319 eorum,

9 3391 10 3406 ,
80 3330 134 3414 qui
151 3331 223 3416 regi
246 3329 393 3394 insidiati
413 3333 529 3412 essent,
552 3351 623 3393 cum
647 3329 727 3412 ipsis
749 3332 949 3410 necarentur,
972 3327 1028 3392 alii
1052 3349 1086 3392 se

9 3407 10 3436 ¹
80 3418 289 3503 interficiunt,
307 3418 363 3482 alii
380 3417 415 3482 in
434 3417 543 3483 devios
561 3419 687 3482 montes
706 3422 877 3501 vastasque
892 3415 1085 3482 solitudines

79 3507 210 3591 fugiunt
231 3507 355 3592 ingenti
377 3528 435 3590 per
456 3509 529 3570 tota
555 3509 663 3570 castra
685 3510 809 3571 terrore
830 3503 959 3589 diffus0,
986 3504 1089 3568 donec

79 3615 134 3659 rex
148 3595 292 3661 tumultu
306 3595 436 3679 cognito
451 3595 556 3679 legem
571 3615 605 3659 se
618 3595 655 3660 de
668 3593 827 3678 supplicio
842 3593 1089 3657 coniunctorum

133 3709 225 3750 Gurtirn
239 3707 318 3750 Rufus.
893 3699 926 3746 10
