2582 4098
213 143 253 208 78
582 139 613 208 Q.
632 141 741 196 cunni
759 141 846 196 RUFI

161 299 192 358 15
211 286 441 372 vestigantium
473 286 559 352 sitim
590 286 724 350 falleret.
768 283 797 350 E
825 284 978 369 proximis
1005 305 1081 350 vero
1108 285 1221 350 itineri

211 376 289 442 vicis
311 377 451 440 ululatus
475 396 587 439 senum
604 373 857 458 feminarumque
877 373 1130 438 exaudiebantur
1150 374 1221 437 bar·

211 465 289 530 baro
312 465 376 528 ritu
397 462 540 527 Dareum
563 462 666 528 adhuc
687 483 798 547 regem
820 462 1034 526 clamantium.

160 575 193 624 16
299 551 494 629 Alexander,
517 554 671 634 utsupra
693 550 812 614 dietum
835 553 897 634 est,
922 548 1061 614 inhibito
1085 550 1251 614 suorumtl

211 641 334 724 impetu
356 639 396 704 ad
419 634 540 722 Lycum
562 659 689 704 amnem
708 641 905 722 pervenerat,
926 638 983 703 ubi
1001 638 1120 722 ingens
1141 639 1221 702 mul-

210 729 315 792 titudo
338 726 530 812 fugientium
553 730 742 792 oneraverat
763 729 896 810 pontem
918 728 951 789 et
967 725 1124 810 plerique,
1151 749 1221 790 cum

211 815 314 880 hostis
336 819 474 900 urgeret,
495 815 665 879 indumen
684 837 716 880 se
734 815 1021 898 praecipitaverant
1038 833 1220 898 gravesque

213 903 310 968 armis
337 907 370 967 et
393 903 515 986 proelio
539 924 576 968 ac
596 903 674 988 tuga
696 902 863 987 defatigati
885 901 1066 986 gurgitibus
1090 902 1220 968 bauria

161 1012 193 1060 ιι
213 991 339 1055 bantur.
388 990 520 1076 Iamque
550 1012 617 1056 non
648 1012 729 1074 pons
760 991 855 1055 modo
886 990 1059 1075 fugientes,
1093 991 1156 1054 sed
1184 1011 1221 1054 ne

214 1079 317 1144 amnis
340 1078 467 1163 quidem
490 1080 638 1164 capiebat
659 1079 789 1164 agmina
812 1100 870 1143 sua
891 1077 1057 1162 inprovide
1081 1078 1220 1143 subinde

214 1168 418 1232 cumulantis:
442 1168 559 1252 quippe
577 1167 633 1232 ubi
650 1167 783 1231 intravit
800 1166 923 1230 animos
939 1187 1048 1249 pavor,
1065 1164 1100 1228 id
1115 1167 1220 1231 solum

213 1258 372 1334 metuunt,
404 1255 490 1341 quod
520 1255 659 1339 primum
689 1255 860 1319 formidare
889 1256 1070 1338 coeperunt.
1124 1254 1218 1318 Alex-

163 1343 312 1413 leander
337 1343 533 1410 instantibus
561 1344 640 1428 suis,
670 1343 787 1426 inpune
811 1343 981 1407 abeuntem
997 1341 1128 1407 hostem
1152 1364 1218 1426 per·

213 1431 355 1497 mitteret
384 1434 488 1517 sequi,
518 1430 645 1495 hebetia
671 1452 741 1495 esse
767 1431 833 1495 tela
858 1433 891 1494 et
916 1451 1031 1495 manus
1062 1429 1218 1516 fatigatas

212 1522 368 1605 tantoque
386 1541 480 1584 cursu
498 1541 632 1602 corpora
650 1519 804 1583 exhausta
822 1521 854 1582 et
870 1539 1020 1603 praeceps
1038 1518 1073 1581 in
1086 1522 1218 1584 noctem

164 1627 194 1676 ιι
214 1606 276 1672 diei
288 1611 415 1691 tempus
434 1610 582 1672 causatus
601 1610 658 1671 est.
688 1605 735 1670 Re
748 1628 824 1672 vera
843 1605 881 1670 de
899 1607 989 1671 laevo
1003 1627 1114 1690 cornu,
1134 1605 1217 1692 quod

214 1695 377 1762 adhucin
405 1696 471 1760 acie
496 1699 581 1760 stare
604 1695 765 1778 credebat,
792 1695 947 1759 sollicitus
969 1695 1086 1758 reverti
1110 1695 1155 1758 ad
1177 1695 1217 1758 fe·

212 1784 345 1848 rendam
367 1806 460 1867 opem
484 1784 549 1850 suis
573 1783 695 1848 statuit.
737 1782 868 1865 Iamque
892 1783 984 1868 signa
1006 1785 1217 1864 converterat,

214 1893 286 1936 cum
313 1873 434 1955 equites
461 1894 481 1936 a
507 1871 718 1937 Parmenione
745 1871 835 1935 missi
855 1870 942 1935 illius
965 1891 1092 1954 quoque
1115 1871 1216 1954 partis

162 1979 195 2027 ιο
213 1960 379 2024 victoriam
406 1963 489 2024 nunt
475 1960 568 2025 tiant
615 1958 677 2024 Sed
703 1959 827 2023 nullum
851 1958 984 2024 hoodie
1008 1958 1113 2022 maius
1138 1958 1216 2042 peri·

215 2047 321 2110 culum
339 2046 426 2128 adiit,
448 2069 544 2132 quam
562 2046 638 2111 dum
656 2048 764 2130 copias
782 2046 931 2111 reducit
922 2069 956 2111 ιιι
971 2049 1085 2110 eastra.
1118 2045 1216 2110 Pauci

215 2155 287 2198 eum
306 2137 339 2198 et
353 2134 545 2218 inconpositi
559 2135 773 2219 sequebantur
786 2138 918 2199 ovantes
931 2134 1074 2216 victoria,
1098 2136 1215 2218 quippe

215 2243 326 2286 omnes
352 2221 462 2286 hostes
490 2223 605 2287 autin
631 2220 741 2308 fugam
768 2223 885 2287 effusos
912 2222 999 2286 aut
989 2243 1023 2284 ιιι
1047 2221 1114 2286 acie
1140 2221 1214 2286 ceci-

162 2328 195 2376 ιι
215 2309 300 2375 disse
336 2310 524 2376 credebant·
564 2332 637 2376 cum
670 2313 799 2394 repente
831 2331 869 2374 ex
902 2309 1033 2374 adverso
1067 2310 1215 2393 apparuit

215 2418 330 2483 agmen
358 2399 513 2483 equitum,
545 2399 599 2484 qui
621 2399 724 2482 primo
747 2398 912 2463 inhibuere
935 2419 1075 2481 cursum,
1105 2397 1215 2462 deinde

214 2486 424 2553 Macedonum
446 2487 606 2588 paucitate
629 2490 800 2570 conspecta
818 2477 967 2550 turmas'
959 2508 993 2549 m
1012 2448 1123 2551 obvios
1145 2507 1215 2550 con·

163 2576 401 2642 recitaverunt.
454 2575 539 2640 Ante
572 2576 666 2661 signa
697 2597 752 2638 rex
782 2575 851 2638 ibat
883 2574 1080 2638 dissimulato
1114 2573 1215 2657 magis

214 2666 354 2747 periculo
383 2686 478 2749 quam
506 2667 621 2748 spreto.
664 2661 733 2728 Nec
755 2662 856 2726 defuit
841 2663 906 2726 tei
928 2663 1113 2746 perpetua
1102 2683 1140 2725 ιιι
1165 2663 1216 2725 du·

162 2770 195 2818 23
214 2751 276 2816 biis
299 2752 393 2816 rebus
415 2753 566 2817 felicitas:
592 2772 731 2834 namque
752 2750 947 2835 praefectum
970 2751 1129 2850 equitatus
1156 2748 1215 2813 avi·

216 2838 291 2903 dum
314 2841 495 2904 certaminis
519 2844 551 2905 et
578 2841 619 2905 ob
646 2839 712 2904 id
702 2861 809 2922 1psum
830 2838 1045 2903 incautiusin
1011 2859 1102 2902 mse
1124 2859 1214 2901 ruen-

214 2931 281 2990 tem
303 2927 397 2991 hasta
418 2929 586 3013 transfixit,
609 2950 671 3013 quo
695 2949 733 2992 ex
755 2948 836 3011 equo
858 2927 949 3010 lapso
976 2926 1158 3010 proximum
1182 2944 1214 2988 ac

162 3035 197 3084 24
216 3015 289 3080 dein
320 3016 427 3098 plures
459 3017 569 3080 eodem
598 3017 662 3080 telo
695 3015 845 3080 confodit.
893 3013 1042 3078 Invasere
1069 3013 1213 3077 turbatos

215 3103 309 3167 amici
332 3125 469 3188 quoque:
490 3125 549 3169 nec
571 3103 687 3168 Persae
710 3102 805 3168 inulti
828 3102 992 3187 cadebant,
1015 3101 1132 3186 quippe
1149 3121 1212 3164 nou

214 3192 381 3256 universae
405 3192 501 3275 acies,
524 3215 620 3276 quam
642 3192 703 3257 hae
725 3191 951 3255 tumultuariae
974 3211 1102 3268 manus,
1123 3189 1212 3253 vehe-

162 3299 196 3350 25
214 3281 352 3345 mentius
379 3280 478 3344 iniere
506 3284 674 3345 certamen.
718 3279 860 3343 Tandem
889 3279 1030 3362 barbari,
1062 3299 1134 3342 cum
1162 3279 1212 3340 ob·

216 3391 308 3433 scura
342 3369 410 3434 luce
442 3368 543 3433 tutior
572 3367 650 3452 fuga
680 3368 840 3433 videretur
871 3389 940 3431 esse
973 3389 1069 3452 quam
1098 3384 1212 3449 pugna,

214 3457 365 3540 dispersis
385 3456 567 3542 agminibus
586 3457 700 3521 abiere.
731 3455 800 3520 Rex
813 3455 1063 3520 extraordinario
1076 3453 1211 3538 periculo

214 3545 382 3612 defunctus
405 3545 574 3610 incolumis
597 3567 672 3610 suos
694 3543 820 3608 reduxit
842 3544 876 3608 in
899 3546 1013 3608 eastra.
