<?xml version="1.0" encoding="UTF-8"?>
<!DOCTYPE html PUBLIC "-//W3C//DTD XHTML 1.0 Transitional//EN"
    "http://www.w3.org/TR/xhtml1/DTD/xhtml1-transitional.dtd">
<html xmlns="http://www.w3.org/1999/xhtml" xml:lang="en" lang="en">
 <head>
  <title>
</title>
<meta http-equiv="Content-Type" content="text/html;charset=utf-8" />
  <meta name='ocr-system' content='tesseract 3.04.00' />
  <meta name='ocr-capabilities' content='ocr_page ocr_carea ocr_par ocr_line ocrx_word'/>
</head>
<body>
  <div class='ocr_page' id='page_1' title='image "./qcurtirufihisto04rufugoog_0131.png"; bbox 0 0 2582 4098; ppageno 0'>
   <div class='ocr_carea' id='block_1_1' title="bbox 261 151 1080 264">
    <p class='ocr_par' dir='ltr' id='par_1_1' title="bbox 261 151 1080 264">
     <span class='ocr_line' id='line_1_1' title="bbox 261 151 1080 264; baseline 0 -14"><span class='ocrx_word' id='word_1_1' title='bbox 261 151 515 251; x_wconf 77' lang='lat' dir='ltr'>meroamaon</span> <span class='ocrx_word' id='word_1_2' title='bbox 533 193 748 249; x_wconf 76' lang='lat' dir='ltr'>mansuem</span> <span class='ocrx_word' id='word_1_3' title='bbox 766 195 803 264; x_wconf 91' lang='lat' dir='ltr'>v,</span> <span class='ocrx_word' id='word_1_4' title='bbox 824 201 848 252; x_wconf 80' lang='lat' dir='ltr'>a.</span> <span class='ocrx_word' id='word_1_5' title='bbox 869 200 893 250; x_wconf 81' lang='lat' dir='ltr'>r.</span> <span class='ocrx_word' id='word_1_6' title='bbox 1038 193 1080 258; x_wconf 85' lang='lat'>99</span> 
     </span>
    </p>
   </div>
   <div class='ocr_carea' id='block_1_2' title="bbox 13 333 1131 3749">
    <p class='ocr_par' dir='ltr' id='par_1_2' title="bbox 72 333 1117 2272">
     <span class='ocr_line' id='line_1_2' title="bbox 72 333 1082 424; baseline 0.001 -20"><span class='ocrx_word' id='word_1_7' title='bbox 72 342 109 404; x_wconf 89' lang='lat' dir='ltr'>et</span> <span class='ocrx_word' id='word_1_8' title='bbox 136 340 262 404; x_wconf 87' lang='lat' dir='ltr'>aemulo</span> <span class='ocrx_word' id='word_1_9' title='bbox 285 339 376 424; x_wconf 91' lang='lat' dir='ltr'>regni</span> <span class='ocrx_word' id='word_1_10' title='bbox 396 341 566 422; x_wconf 72' lang='lat' dir='ltr'>reparante</span> <span class='ocrx_word' id='word_1_11' title='bbox 589 338 798 403; x_wconf 77' lang='lat' dir='ltr'><strong>cummaxime</strong></span> <span class='ocrx_word' id='word_1_12' title='bbox 820 339 952 422; x_wconf 90' lang='lat' dir='ltr'>bellum,</span> <span class='ocrx_word' id='word_1_13' title='bbox 980 333 1082 424; x_wconf 79' lang='lat' dir='ltr'>nup&#39;er</span> 
     </span>
     <span class='ocr_line' id='line_1_3' title="bbox 73 426 1081 512; baseline 0 -20"><span class='ocrx_word' id='word_1_14' title='bbox 73 426 231 511; x_wconf 87' lang='lat' dir='ltr'>subactis,</span> <span class='ocrx_word' id='word_1_15' title='bbox 259 449 338 512; x_wconf 90' lang='lat' dir='ltr'>quos</span> <span class='ocrx_word' id='word_1_16' title='bbox 361 427 491 510; x_wconf 84' lang='lat' dir='ltr'>vicerat,</span> <span class='ocrx_word' id='word_1_17' title='bbox 515 445 695 510; x_wconf 85' lang='lat' dir='ltr'>novumque</span> <span class='ocrx_word' id='word_1_18' title='bbox 717 427 885 510; x_wconf 91' lang='lat' dir='ltr'>imperium</span> <span class='ocrx_word' id='word_1_19' title='bbox 908 448 1081 511; x_wconf 89' lang='lat' dir='ltr'>aspernan-</span> 
     </span>
     <span class='ocr_line' id='line_1_4' title="bbox 73 514 1080 599; baseline 0.002 -21"><span class='ocrx_word' id='word_1_20' title='bbox 73 515 165 579; x_wconf 89' lang='lat' dir='ltr'>tibus</span> <span class='ocrx_word' id='word_1_21' title='bbox 197 515 235 580; x_wconf 93' lang='lat' dir='ltr'>de</span> <span class='ocrx_word' id='word_1_22' title='bbox 268 515 318 580; x_wconf 91' lang='lat' dir='ltr'>die</span> <span class='ocrx_word' id='word_1_23' title='bbox 348 514 452 578; x_wconf 88' lang='lat' dir='ltr'>inibat</span> <span class='ocrx_word' id='word_1_24' title='bbox 482 514 640 597; x_wconf 82' lang='lat' dir='ltr'>convivia,</span> <span class='ocrx_word' id='word_1_25' title='bbox 676 515 792 599; x_wconf 87' lang='lat' dir='ltr'>quibus</span> <span class='ocrx_word' id='word_1_26' title='bbox 818 515 957 580; x_wconf 86' lang='lat' dir='ltr'>feminae</span> <span class='ocrx_word' id='word_1_27' title='bbox 983 516 1080 580; x_wconf 85' lang='lat' dir='ltr'>inter·</span> 
     </span>
     <span class='ocr_line' id='line_1_5' title="bbox 74 602 1081 693; baseline 0.001 -26"><span class='ocrx_word' id='word_1_28' title='bbox 74 606 183 688; x_wconf 87' lang='lat' dir='ltr'>erant,</span> <span class='ocrx_word' id='word_1_29' title='bbox 213 625 280 669; x_wconf 90' lang='lat' dir='ltr'>non</span> <span class='ocrx_word' id='word_1_30' title='bbox 310 603 436 686; x_wconf 91' lang='lat' dir='ltr'>quidem</span> <span class='ocrx_word' id='word_1_31' title='bbox 468 624 547 687; x_wconf 88' lang='lat' dir='ltr'>quas</span> <span class='ocrx_word' id='word_1_32' title='bbox 575 602 689 667; x_wconf 83' lang='lat' dir='ltr'>violari</span> <span class='ocrx_word' id='word_1_33' title='bbox 716 603 809 668; x_wconf 85' lang='lat' dir='ltr'>nefas</span> <span class='ocrx_word' id='word_1_34' title='bbox 836 606 932 693; x_wconf 82' lang='lat' dir='ltr'>esset,</span> <span class='ocrx_word' id='word_1_35' title='bbox 964 603 1081 688; x_wconf 82' lang='lat' dir='ltr'>quippe</span> 
     </span>
     <span class='ocr_line' id='line_1_6' title="bbox 73 690 1081 775; baseline 0.002 -21"><span class='ocrx_word' id='word_1_36' title='bbox 73 691 204 775; x_wconf 88' lang='lat' dir='ltr'>pelices,</span> <span class='ocrx_word' id='word_1_37' title='bbox 225 691 372 756; x_wconf 89' lang='lat' dir='ltr'>licentius</span> <span class='ocrx_word' id='word_1_38' title='bbox 394 711 491 774; x_wconf 87' lang='lat' dir='ltr'>quam</span> <span class='ocrx_word' id='word_1_39' title='bbox 512 690 645 754; x_wconf 75' lang='lat' dir='ltr'>decebat</span> <span class='ocrx_word' id='word_1_40' title='bbox 666 711 739 755; x_wconf 90' lang='lat' dir='ltr'>cum</span> <span class='ocrx_word' id='word_1_41' title='bbox 762 694 884 756; x_wconf 86' lang='lat' dir='ltr'>armato</span> <span class='ocrx_word' id='word_1_42' title='bbox 903 691 1008 756; x_wconf 82' lang='lat' dir='ltr'>vivere</span> <span class='ocrx_word' id='word_1_43' title='bbox 1028 692 1081 757; x_wconf 90' lang='lat' dir='ltr'>ad-</span> 
     </span>
     <span class='ocr_line' id='line_1_7' title="bbox 74 777 1115 864; baseline 0.005 -21"><span class='ocrx_word' id='word_1_44' title='bbox 74 783 196 844; x_wconf 91' lang='lat' dir='ltr'>suetae.</span> <span class='ocrx_word' id='word_1_45' title='bbox 230 777 282 844; x_wconf 80' lang='lat' dir='ltr'>llx</span> <span class='ocrx_word' id='word_1_46' title='bbox 299 779 349 842; x_wconf 90' lang='lat' dir='ltr'>his</span> <span class='ocrx_word' id='word_1_47' title='bbox 368 799 434 842; x_wconf 88' lang='lat' dir='ltr'>una</span> <span class='ocrx_word' id='word_1_48' title='bbox 446 777 554 862; x_wconf 84' lang='lat' dir='ltr'>Thais,</span> <span class='ocrx_word' id='word_1_49' title='bbox 571 781 604 842; x_wconf 94' lang='lat' dir='ltr'>et</span> <span class='ocrx_word' id='word_1_50' title='bbox 618 778 690 861; x_wconf 88' lang='lat' dir='ltr'>ipsa</span> <span class='ocrx_word' id='word_1_51' title='bbox 704 781 890 864; x_wconf 87' lang='lat' dir='ltr'>temulenta,</span> <span class='ocrx_word' id='word_1_52' title='bbox 908 781 1082 844; x_wconf 85' lang='lat' dir='ltr'>maximam</span> <span class='ocrx_word' id='word_1_53' title='bbox 1099 799 1115 849; x_wconf 81' lang='lat'><strong>3</strong></span> 
     </span>
     <span class='ocr_line' id='line_1_8' title="bbox 75 863 1083 952; baseline 0.002 -22"><span class='ocrx_word' id='word_1_54' title='bbox 75 867 163 951; x_wconf 89' lang='lat' dir='ltr'>apud</span> <span class='ocrx_word' id='word_1_55' title='bbox 194 887 303 932; x_wconf 91' lang='lat' dir='ltr'>omnes</span> <span class='ocrx_word' id='word_1_56' title='bbox 334 863 472 932; x_wconf 84' lang='lat' dir='ltr'>Graecos</span> <span class='ocrx_word' id='word_1_57' title='bbox 503 867 657 932; x_wconf 82' lang='lat' dir='ltr'>initurum</span> <span class='ocrx_word' id='word_1_58' title='bbox 688 868 826 952; x_wconf 87' lang='lat' dir='ltr'>gratiam</span> <span class='ocrx_word' id='word_1_59' title='bbox 858 868 1018 952; x_wconf 85' lang='lat' dir='ltr'>adfirmat,</span> <span class='ocrx_word' id='word_1_60' title='bbox 1054 869 1083 932; x_wconf 90' lang='lat' dir='ltr'>si</span> 
     </span>
     <span class='ocr_line' id='line_1_9' title="bbox 73 953 1082 1040; baseline 0.002 -21"><span class='ocrx_word' id='word_1_61' title='bbox 73 955 199 1040; x_wconf 90' lang='lat' dir='ltr'>regiam</span> <span class='ocrx_word' id='word_1_62' title='bbox 219 953 390 1019; x_wconf 89' lang='lat' dir='ltr'>Persarum</span> <span class='ocrx_word' id='word_1_63' title='bbox 410 955 558 1019; x_wconf 89' lang='lat' dir='ltr'>iussisset</span> <span class='ocrx_word' id='word_1_64' title='bbox 579 955 717 1020; x_wconf 90' lang='lat' dir='ltr'>incendi:</span> <span class='ocrx_word' id='word_1_65' title='bbox 743 959 909 1040; x_wconf 89' lang='lat' dir='ltr'>expectare</span> <span class='ocrx_word' id='word_1_66' title='bbox 931 955 994 1021; x_wconf 91' lang='lat' dir='ltr'>hoe</span> <span class='ocrx_word' id='word_1_67' title='bbox 1017 977 1082 1040; x_wconf 90' lang='lat' dir='ltr'>eos,</span> 
     </span>
     <span class='ocr_line' id='line_1_10' title="bbox 75 1042 1117 1126; baseline 0.005 -19"><span class='ocrx_word' id='word_1_68' title='bbox 75 1065 213 1126; x_wconf 91' lang='lat' dir='ltr'>quorum</span> <span class='ocrx_word' id='word_1_69' title='bbox 230 1043 325 1108; x_wconf 89' lang='lat' dir='ltr'>urbes</span> <span class='ocrx_word' id='word_1_70' title='bbox 343 1043 471 1108; x_wconf 87' lang='lat' dir='ltr'>barbari</span> <span class='ocrx_word' id='word_1_71' title='bbox 490 1043 655 1107; x_wconf 86' lang='lat' dir='ltr'>delessent</span> <span class='ocrx_word' id='word_1_72' title='bbox 690 1042 790 1108; x_wconf 79' lang='lat' dir='ltr'>Ebrio</span> <span class='ocrx_word' id='word_1_73' title='bbox 808 1049 914 1109; x_wconf 89' lang='lat' dir='ltr'>scorto</span> <span class='ocrx_word' id='word_1_74' title='bbox 933 1044 971 1109; x_wconf 92' lang='lat' dir='ltr'>de</span> <span class='ocrx_word' id='word_1_75' title='bbox 989 1047 1082 1108; x_wconf 88' lang='lat' dir='ltr'>tanta</span> <span class='ocrx_word' id='word_1_76' title='bbox 1099 1064 1117 1112; x_wconf 83' lang='lat'>4</span> 
     </span>
     <span class='ocr_line' id='line_1_11' title="bbox 75 1130 1080 1215; baseline 0.002 -21"><span class='ocrx_word' id='word_1_77' title='bbox 75 1153 110 1196; x_wconf 92' lang='lat' dir='ltr'>re</span> <span class='ocrx_word' id='word_1_78' title='bbox 133 1130 256 1195; x_wconf 86' lang='lat' dir='ltr'>ferente</span> <span class='ocrx_word' id='word_1_79' title='bbox 278 1131 471 1196; x_wconf 71' lang='lat' dir='ltr'>sententiam</span> <span class='ocrx_word' id='word_1_80' title='bbox 492 1153 575 1196; x_wconf 90' lang='lat' dir='ltr'>unus</span> <span class='ocrx_word' id='word_1_81' title='bbox 597 1135 626 1196; x_wconf 83' lang='lat' dir='ltr'>et</span> <span class='ocrx_word' id='word_1_82' title='bbox 646 1131 735 1215; x_wconf 85' lang='lat' dir='ltr'>alter,</span> <span class='ocrx_word' id='word_1_83' title='bbox 758 1132 873 1214; x_wconf 87' lang='lat' dir='ltr'>stipsi</span> <span class='ocrx_word' id='word_1_84' title='bbox 894 1153 983 1197; x_wconf 94' lang='lat' dir='ltr'>mero</span> <span class='ocrx_word' id='word_1_85' title='bbox 1007 1153 1080 1196; x_wconf 92' lang='lat' dir='ltr'>one-</span> 
     </span>
     <span class='ocr_line' id='line_1_12' title="bbox 75 1217 1081 1304; baseline 0.003 -22"><span class='ocrx_word' id='word_1_86' title='bbox 75 1219 153 1302; x_wconf 84' lang='lat' dir='ltr'>rati,</span> <span class='ocrx_word' id='word_1_87' title='bbox 185 1219 415 1283; x_wconf 86' lang='lat' dir='ltr'>adsentiuntur.</span> <span class='ocrx_word' id='word_1_88' title='bbox 466 1218 535 1283; x_wconf 86' lang='lat' dir='ltr'>Rex</span> <span class='ocrx_word' id='word_1_89' title='bbox 567 1240 692 1304; x_wconf 89' lang='lat' dir='ltr'>quoque</span> <span class='ocrx_word' id='word_1_90' title='bbox 724 1217 846 1282; x_wconf 82' lang='lat' dir='ltr'>avidior</span> <span class='ocrx_word' id='word_1_91' title='bbox 876 1217 952 1302; x_wconf 88' lang='lat' dir='ltr'>fuit,</span> <span class='ocrx_word' id='word_1_92' title='bbox 984 1242 1081 1304; x_wconf 88' lang='lat' dir='ltr'>quem</span> 
     </span>
     <span class='ocr_line' id='line_1_13' title="bbox 75 1305 1081 1391; baseline 0.002 -21"><span class='ocrx_word' id='word_1_93' title='bbox 75 1307 258 1390; x_wconf 79' lang='lat' dir='ltr'>patientior.</span> <span class='ocrx_word' id='word_1_94' title='bbox 303 1305 400 1383; x_wconf 79' lang='lat' dir='ltr'>‘Quin</span> <span class='ocrx_word' id='word_1_95' title='bbox 426 1307 537 1391; x_wconf 86' lang='lat' dir='ltr'>igitur,</span> <span class='ocrx_word' id='word_1_96' title='bbox 567 1307 682 1390; x_wconf 73' lang='lat' dir='ltr'>inquit,</span> <span class='ocrx_word' id='word_1_97' title='bbox 711 1306 893 1371; x_wconf 81' lang='lat' dir='ltr'>ulciscimur</span> <span class='ocrx_word' id='word_1_98' title='bbox 915 1305 1081 1372; x_wconf 80' lang='lat' dir='ltr'>Graeciam</span> 
     </span>
     <span class='ocr_line' id='line_1_14' title="bbox 76 1393 1115 1465; baseline 0.006 -7"><span class='ocrx_word' id='word_1_99' title='bbox 76 1398 111 1459; x_wconf 90' lang='lat' dir='ltr'>et</span> <span class='ocrx_word' id='word_1_100' title='bbox 140 1394 213 1459; x_wconf 86' lang='lat' dir='ltr'>urbi</span> <span class='ocrx_word' id='word_1_101' title='bbox 241 1395 328 1459; x_wconf 82' lang='lat' dir='ltr'>feces</span> <span class='ocrx_word' id='word_1_102' title='bbox 361 1393 561 1460; x_wconf 74' lang='lat' dir='ltr'>subdimusP&#39;</span> <span class='ocrx_word' id='word_1_103' title='bbox 605 1394 724 1460; x_wconf 81' lang='lat' dir='ltr'>Omnes</span> <span class='ocrx_word' id='word_1_104' title='bbox 751 1394 951 1461; x_wconf 87' lang='lat' dir='ltr'>incaluerant</span> <span class='ocrx_word' id='word_1_105' title='bbox 977 1417 1115 1465; x_wconf 81' lang='lat' dir='ltr'>meroze</span> 
     </span>
     <span class='ocr_line' id='line_1_15' title="bbox 75 1482 1081 1568; baseline 0.001 -22"><span class='ocrx_word' id='word_1_106' title='bbox 75 1483 184 1567; x_wconf 88' lang='lat' dir='ltr'>itaque</span> <span class='ocrx_word' id='word_1_107' title='bbox 212 1490 347 1568; x_wconf 87' lang='lat' dir='ltr'>surgunt</span> <span class='ocrx_word' id='word_1_108' title='bbox 368 1482 536 1547; x_wconf 84' lang='lat' dir='ltr'>temulenti</span> <span class='ocrx_word' id='word_1_109' title='bbox 558 1482 599 1546; x_wconf 86' lang='lat' dir='ltr'>ad</span> <span class='ocrx_word' id='word_1_110' title='bbox 620 1482 853 1548; x_wconf 91' lang='lat' dir='ltr'>incendendam</span> <span class='ocrx_word' id='word_1_111' title='bbox 875 1483 998 1566; x_wconf 88' lang='lat' dir='ltr'>urbem,</span> <span class='ocrx_word' id='word_1_112' title='bbox 1031 1483 1081 1547; x_wconf 90' lang='lat' dir='ltr'>cui</span> 
     </span>
     <span class='ocr_line' id='line_1_16' title="bbox 76 1570 1081 1656; baseline -0.001 -21"><span class='ocrx_word' id='word_1_113' title='bbox 76 1571 193 1635; x_wconf 85' lang='lat' dir='ltr'>armati</span> <span class='ocrx_word' id='word_1_114' title='bbox 220 1574 435 1654; x_wconf 87' lang='lat' dir='ltr'>pepercerant.</span> <span class='ocrx_word' id='word_1_115' title='bbox 478 1570 605 1635; x_wconf 87' lang='lat' dir='ltr'>Primus</span> <span class='ocrx_word' id='word_1_116' title='bbox 627 1592 684 1635; x_wconf 90' lang='lat' dir='ltr'>rex</span> <span class='ocrx_word' id='word_1_117' title='bbox 704 1571 813 1656; x_wconf 85' lang='lat' dir='ltr'>ignem</span> <span class='ocrx_word' id='word_1_118' title='bbox 834 1570 941 1656; x_wconf 79' lang='lat' dir='ltr'>regiae</span> <span class='ocrx_word' id='word_1_119' title='bbox 963 1571 1081 1654; x_wconf 84' lang='lat' dir='ltr'>iniecit,</span> 
     </span>
     <span class='ocr_line' id='line_1_17' title="bbox 75 1658 1080 1743; baseline 0 -21"><span class='ocrx_word' id='word_1_120' title='bbox 75 1662 146 1722; x_wconf 90' lang='lat' dir='ltr'>tum</span> <span class='ocrx_word' id='word_1_121' title='bbox 167 1659 318 1724; x_wconf 88' lang='lat' dir='ltr'>convivae</span> <span class='ocrx_word' id='word_1_122' title='bbox 337 1662 369 1723; x_wconf 92' lang='lat' dir='ltr'>et</span> <span class='ocrx_word' id='word_1_123' title='bbox 386 1658 526 1722; x_wconf 84' lang='lat' dir='ltr'>ministri</span> <span class='ocrx_word' id='word_1_124' title='bbox 543 1659 730 1743; x_wconf 87' lang='lat' dir='ltr'>pelicesque.</span> <span class='ocrx_word' id='word_1_125' title='bbox 764 1659 868 1724; x_wconf 89' lang='lat' dir='ltr'>Multa</span> <span class='ocrx_word' id='word_1_126' title='bbox 885 1659 978 1724; x_wconf 92' lang='lat' dir='ltr'>cedro</span> <span class='ocrx_word' id='word_1_127' title='bbox 997 1659 1080 1722; x_wconf 91' lang='lat' dir='ltr'>aedi-</span> 
     </span>
     <span class='ocr_line' id='line_1_18' title="bbox 74 1747 1081 1832; baseline 0 -22"><span class='ocrx_word' id='word_1_128' title='bbox 74 1747 172 1811; x_wconf 89' lang='lat' dir='ltr'>ficate</span> <span class='ocrx_word' id='word_1_129' title='bbox 203 1747 404 1832; x_wconf 76' lang='lat' dir='ltr'>eratregia,</span> <span class='ocrx_word' id='word_1_130' title='bbox 438 1769 519 1831; x_wconf 90' lang='lat' dir='ltr'>quae</span> <span class='ocrx_word' id='word_1_131' title='bbox 550 1747 693 1811; x_wconf 88' lang='lat' dir='ltr'>celeriter</span> <span class='ocrx_word' id='word_1_132' title='bbox 724 1747 799 1831; x_wconf 88' lang='lat' dir='ltr'>igne</span> <span class='ocrx_word' id='word_1_133' title='bbox 831 1750 985 1830; x_wconf 88' lang='lat' dir='ltr'>concepto</span> <span class='ocrx_word' id='word_1_134' title='bbox 1017 1747 1081 1810; x_wconf 88' lang='lat' dir='ltr'>late</span> 
     </span>
     <span class='ocr_line' id='line_1_19' title="bbox 73 1834 1115 1919; baseline 0 -21"><span class='ocrx_word' id='word_1_135' title='bbox 73 1834 160 1898; x_wconf 85' lang='lat' dir='ltr'>fudit</span> <span class='ocrx_word' id='word_1_136' title='bbox 180 1834 371 1900; x_wconf 90' lang='lat' dir='ltr'>incendium.</span> <span class='ocrx_word' id='word_1_137' title='bbox 408 1834 499 1911; x_wconf 82' lang='lat' dir='ltr'>Quod</span> <span class='ocrx_word' id='word_1_138' title='bbox 522 1835 578 1899; x_wconf 91' lang='lat' dir='ltr'>ubi</span> <span class='ocrx_word' id='word_1_139' title='bbox 600 1835 764 1919; x_wconf 77' lang='lat' dir='ltr'>exercitae,</span> <span class='ocrx_word' id='word_1_140' title='bbox 786 1835 841 1919; x_wconf 91' lang='lat' dir='ltr'>qui</span> <span class='ocrx_word' id='word_1_141' title='bbox 862 1834 948 1899; x_wconf 88' lang='lat' dir='ltr'>haud</span> <span class='ocrx_word' id='word_1_142' title='bbox 970 1835 1115 1918; x_wconf 71' lang='lat' dir='ltr'>procule,</span> 
     </span>
     <span class='ocr_line' id='line_1_20' title="bbox 74 1922 1081 2006; baseline -0.001 -18"><span class='ocrx_word' id='word_1_143' title='bbox 74 1922 155 1988; x_wconf 90' lang='lat' dir='ltr'>urbe</span> <span class='ocrx_word' id='word_1_144' title='bbox 186 1923 350 2006; x_wconf 82' lang='lat' dir='ltr'>tendebat,</span> <span class='ocrx_word' id='word_1_145' title='bbox 387 1923 567 2006; x_wconf 87' lang='lat' dir='ltr'>conspexit,</span> <span class='ocrx_word' id='word_1_146' title='bbox 596 1922 764 1987; x_wconf 80' lang='lat' dir='ltr'>fortuitum</span> <span class='ocrx_word' id='word_1_147' title='bbox 794 1926 884 1986; x_wconf 89' lang='lat' dir='ltr'>ratus</span> <span class='ocrx_word' id='word_1_148' title='bbox 916 1922 956 1987; x_wconf 90' lang='lat' dir='ltr'>ad</span> <span class='ocrx_word' id='word_1_149' title='bbox 988 1943 1081 2005; x_wconf 91' lang='lat' dir='ltr'>opem</span> 
     </span>
     <span class='ocr_line' id='line_1_21' title="bbox 73 2007 1114 2095; baseline 0.006 -21"><span class='ocrx_word' id='word_1_150' title='bbox 73 2009 241 2074; x_wconf 86' lang='lat' dir='ltr'>ferendam</span> <span class='ocrx_word' id='word_1_151' title='bbox 262 2011 431 2075; x_wconf 78' lang='lat' dir='ltr'>concurrit</span> <span class='ocrx_word' id='word_1_152' title='bbox 466 2007 528 2074; x_wconf 85' lang='lat' dir='ltr'>Sed</span> <span class='ocrx_word' id='word_1_153' title='bbox 550 2012 587 2074; x_wconf 91' lang='lat' dir='ltr'>ut</span> <span class='ocrx_word' id='word_1_154' title='bbox 608 2009 649 2074; x_wconf 89' lang='lat' dir='ltr'>ad</span> <span class='ocrx_word' id='word_1_155' title='bbox 670 2010 863 2074; x_wconf 87' lang='lat' dir='ltr'>vestibulum</span> <span class='ocrx_word' id='word_1_156' title='bbox 880 2011 987 2095; x_wconf 87' lang='lat' dir='ltr'>regiae</span> <span class='ocrx_word' id='word_1_157' title='bbox 1005 2033 1114 2081; x_wconf 76' lang='lat' dir='ltr'>ven-7</span> 
     </span>
     <span class='ocr_line' id='line_1_22' title="bbox 74 2097 1080 2183; baseline 0.002 -22"><span class='ocrx_word' id='word_1_158' title='bbox 74 2102 146 2162; x_wconf 88' lang='lat' dir='ltr'>tum</span> <span class='ocrx_word' id='word_1_159' title='bbox 168 2101 225 2183; x_wconf 88' lang='lat' dir='ltr'>est,</span> <span class='ocrx_word' id='word_1_160' title='bbox 248 2097 356 2162; x_wconf 83' lang='lat' dir='ltr'>vident</span> <span class='ocrx_word' id='word_1_161' title='bbox 376 2119 486 2183; x_wconf 88' lang='lat' dir='ltr'>regem</span> <span class='ocrx_word' id='word_1_162' title='bbox 507 2099 613 2181; x_wconf 88' lang='lat' dir='ltr'>ipsum</span> <span class='ocrx_word' id='word_1_163' title='bbox 636 2097 739 2162; x_wconf 88' lang='lat' dir='ltr'>adhuc</span> <span class='ocrx_word' id='word_1_164' title='bbox 761 2102 968 2183; x_wconf 78' lang='lat' dir='ltr'>aggerentem</span> <span class='ocrx_word' id='word_1_165' title='bbox 986 2099 1080 2163; x_wconf 88' lang='lat' dir='ltr'>faces.</span> 
     </span>
     <span class='ocr_line' id='line_1_23' title="bbox 75 2185 1081 2272; baseline 0.002 -22"><span class='ocrx_word' id='word_1_166' title='bbox 75 2185 204 2250; x_wconf 88' lang='lat' dir='ltr'>Omissa</span> <span class='ocrx_word' id='word_1_167' title='bbox 233 2186 347 2270; x_wconf 88' lang='lat' dir='ltr'>igitur,</span> <span class='ocrx_word' id='word_1_168' title='bbox 377 2209 473 2272; x_wconf 87' lang='lat' dir='ltr'>quam</span> <span class='ocrx_word' id='word_1_169' title='bbox 503 2189 725 2270; x_wconf 86' lang='lat' dir='ltr'>portaverant,</span> <span class='ocrx_word' id='word_1_170' title='bbox 760 2207 844 2270; x_wconf 88' lang='lat' dir='ltr'>aqua</span> <span class='ocrx_word' id='word_1_171' title='bbox 873 2187 943 2272; x_wconf 87' lang='lat' dir='ltr'>igni</span> <span class='ocrx_word' id='word_1_172' title='bbox 972 2191 1081 2270; x_wconf 89' lang='lat' dir='ltr'>aptam</span> 
     </span>
    </p>

    <p class='ocr_par' dir='ltr' id='par_1_3' title="bbox 13 2273 1131 3679">
     <span class='ocr_line' id='line_1_24' title="bbox 13 2273 1116 2358; baseline -0.001 -18"><span class='ocrx_word' id='word_1_173' title='bbox 13 2276 61 2340; x_wconf 86' lang='lat'>23</span> <span class='ocrx_word' id='word_1_174' title='bbox 74 2273 241 2338; x_wconf 84' lang='lat' dir='ltr'>materiem</span> <span class='ocrx_word' id='word_1_175' title='bbox 260 2274 297 2338; x_wconf 91' lang='lat' dir='ltr'>in</span> <span class='ocrx_word' id='word_1_176' title='bbox 313 2275 495 2340; x_wconf 85' lang='lat' dir='ltr'>incendium</span> <span class='ocrx_word' id='word_1_177' title='bbox 512 2275 614 2340; x_wconf 90' lang='lat' dir='ltr'>iacere</span> <span class='ocrx_word' id='word_1_178' title='bbox 632 2278 813 2358; x_wconf 84' lang='lat' dir='ltr'>coeperunt</span> <span class='ocrx_word' id='word_1_179' title='bbox 848 2273 944 2340; x_wconf 89' lang='lat' dir='ltr'>Hune</span> <span class='ocrx_word' id='word_1_180' title='bbox 962 2276 1080 2339; x_wconf 90' lang='lat' dir='ltr'>exitum</span> <span class='ocrx_word' id='word_1_181' title='bbox 1099 2297 1116 2346; x_wconf 77' lang='lat' dir='ltr'>a</span> 
     </span>
     <span class='ocr_line' id='line_1_25' title="bbox 73 2360 1081 2447; baseline 0 -21"><span class='ocrx_word' id='word_1_182' title='bbox 73 2361 190 2426; x_wconf 89' lang='lat' dir='ltr'>habuit</span> <span class='ocrx_word' id='word_1_183' title='bbox 220 2362 310 2446; x_wconf 88' lang='lat' dir='ltr'>regia</span> <span class='ocrx_word' id='word_1_184' title='bbox 340 2363 440 2428; x_wconf 90' lang='lat' dir='ltr'>totius</span> <span class='ocrx_word' id='word_1_185' title='bbox 468 2360 620 2446; x_wconf 79' lang='lat' dir='ltr'>Orientis,</span> <span class='ocrx_word' id='word_1_186' title='bbox 650 2363 734 2428; x_wconf 90' lang='lat' dir='ltr'>unde</span> <span class='ocrx_word' id='word_1_187' title='bbox 765 2366 816 2429; x_wconf 89' lang='lat' dir='ltr'>tot</span> <span class='ocrx_word' id='word_1_188' title='bbox 845 2367 957 2447; x_wconf 88' lang='lat' dir='ltr'>gentes</span> <span class='ocrx_word' id='word_1_189' title='bbox 985 2366 1081 2427; x_wconf 90' lang='lat' dir='ltr'>antea</span> 
     </span>
     <span class='ocr_line' id='line_1_26' title="bbox 73 2449 1080 2535; baseline 0.001 -23"><span class='ocrx_word' id='word_1_190' title='bbox 73 2450 147 2513; x_wconf 87' lang='lat' dir='ltr'>iura</span> <span class='ocrx_word' id='word_1_191' title='bbox 164 2450 326 2534; x_wconf 88' lang='lat' dir='ltr'>petebant,</span> <span class='ocrx_word' id='word_1_192' title='bbox 347 2452 452 2534; x_wconf 86' lang='lat' dir='ltr'>patria</span> <span class='ocrx_word' id='word_1_193' title='bbox 470 2454 520 2515; x_wconf 89' lang='lat' dir='ltr'>tot</span> <span class='ocrx_word' id='word_1_194' title='bbox 536 2471 658 2535; x_wconf 87' lang='lat' dir='ltr'>regum,</span> <span class='ocrx_word' id='word_1_195' title='bbox 678 2451 792 2515; x_wconf 86' lang='lat' dir='ltr'>unicus</span> <span class='ocrx_word' id='word_1_196' title='bbox 810 2450 970 2534; x_wconf 91' lang='lat' dir='ltr'>quondam</span> <span class='ocrx_word' id='word_1_197' title='bbox 984 2449 1080 2514; x_wconf 80' lang='lat' dir='ltr'>Grae-</span> 
     </span>
     <span class='ocr_line' id='line_1_27' title="bbox 74 2538 1081 2622; baseline -0.003 -20"><span class='ocrx_word' id='word_1_198' title='bbox 74 2538 143 2602; x_wconf 88' lang='lat' dir='ltr'>ciae</span> <span class='ocrx_word' id='word_1_199' title='bbox 169 2540 285 2622; x_wconf 88' lang='lat' dir='ltr'>terror,</span> <span class='ocrx_word' id='word_1_200' title='bbox 311 2539 423 2603; x_wconf 89' lang='lat' dir='ltr'>melite</span> <span class='ocrx_word' id='word_1_201' title='bbox 444 2539 682 2603; x_wconf 79' lang='lat' dir='ltr'>millenarium</span> <span class='ocrx_word' id='word_1_202' title='bbox 705 2540 840 2603; x_wconf 85' lang='lat' dir='ltr'>classem</span> <span class='ocrx_word' id='word_1_203' title='bbox 862 2541 895 2602; x_wconf 91' lang='lat' dir='ltr'>et</span> <span class='ocrx_word' id='word_1_204' title='bbox 917 2538 1081 2618; x_wconf 86' lang='lat' dir='ltr'>exercitus,</span> 
     </span>
     <span class='ocr_line' id='line_1_28' title="bbox 74 2624 1080 2710; baseline -0.001 -21"><span class='ocrx_word' id='word_1_205' title='bbox 74 2625 192 2710; x_wconf 89' lang='lat' dir='ltr'>quibus</span> <span class='ocrx_word' id='word_1_206' title='bbox 212 2625 343 2710; x_wconf 81' lang='lat' dir='ltr'>Europa</span> <span class='ocrx_word' id='word_1_207' title='bbox 364 2625 518 2691; x_wconf 87' lang='lat' dir='ltr'>inundata</span> <span class='ocrx_word' id='word_1_208' title='bbox 539 2629 589 2690; x_wconf 85' lang='lat' dir='ltr'>ert</span> <span class='ocrx_word' id='word_1_209' title='bbox 610 2628 816 2691; x_wconf 86' lang='lat' dir='ltr'>contabulato</span> <span class='ocrx_word' id='word_1_210' title='bbox 839 2624 921 2688; x_wconf 90' lang='lat' dir='ltr'>mari</span> <span class='ocrx_word' id='word_1_211' title='bbox 942 2624 1080 2688; x_wconf 88' lang='lat' dir='ltr'>molibus</span> 
     </span>
     <span class='ocr_line' id='line_1_29' title="bbox 72 2712 1080 2799; baseline 0 -23"><span class='ocrx_word' id='word_1_212' title='bbox 72 2713 289 2798; x_wconf 85' lang='lat' dir='ltr'>perfossisque</span> <span class='ocrx_word' id='word_1_213' title='bbox 320 2714 496 2797; x_wconf 89' lang='lat' dir='ltr'>montibus,</span> <span class='ocrx_word' id='word_1_214' title='bbox 527 2714 561 2778; x_wconf 91' lang='lat' dir='ltr'>in</span> <span class='ocrx_word' id='word_1_215' title='bbox 588 2736 723 2799; x_wconf 90' lang='lat' dir='ltr'>quorum</span> <span class='ocrx_word' id='word_1_216' title='bbox 749 2734 862 2796; x_wconf 90' lang='lat' dir='ltr'>specus</span> <span class='ocrx_word' id='word_1_217' title='bbox 888 2712 1006 2777; x_wconf 88' lang='lat' dir='ltr'>fretum</span> <span class='ocrx_word' id='word_1_218' title='bbox 1032 2713 1080 2776; x_wconf 91' lang='lat' dir='ltr'>in·</span> 
     </span>
     <span class='ocr_line' id='line_1_30' title="bbox 71 2801 1114 2886; baseline 0.005 -20"><span class='ocrx_word' id='word_1_219' title='bbox 71 2801 209 2866; x_wconf 92' lang='lat' dir='ltr'>missum</span> <span class='ocrx_word' id='word_1_220' title='bbox 237 2805 294 2866; x_wconf 84' lang='lat' dir='ltr'>est</span> <span class='ocrx_word' id='word_1_221' title='bbox 337 2801 386 2868; x_wconf 83' lang='lat' dir='ltr'>Ac</span> <span class='ocrx_word' id='word_1_222' title='bbox 412 2823 453 2867; x_wconf 89' lang='lat' dir='ltr'>ne</span> <span class='ocrx_word' id='word_1_223' title='bbox 479 2806 547 2866; x_wconf 86' lang='lat' dir='ltr'>tam</span> <span class='ocrx_word' id='word_1_224' title='bbox 572 2802 671 2886; x_wconf 88' lang='lat' dir='ltr'>longa</span> <span class='ocrx_word' id='word_1_225' title='bbox 697 2802 825 2886; x_wconf 91' lang='lat' dir='ltr'>quidem</span> <span class='ocrx_word' id='word_1_226' title='bbox 852 2803 970 2884; x_wconf 86' lang='lat' dir='ltr'>aetate,</span> <span class='ocrx_word' id='word_1_227' title='bbox 999 2822 1114 2885; x_wconf 81' lang='lat' dir='ltr'>quaes</span> 
     </span>
     <span class='ocr_line' id='line_1_31' title="bbox 72 2887 1079 2974; baseline 0 -20"><span class='ocrx_word' id='word_1_228' title='bbox 72 2889 233 2954; x_wconf 86' lang='lat' dir='ltr'>excidium</span> <span class='ocrx_word' id='word_1_229' title='bbox 260 2889 328 2954; x_wconf 90' lang='lat' dir='ltr'>eius</span> <span class='ocrx_word' id='word_1_230' title='bbox 351 2893 459 2956; x_wconf 88' lang='lat' dir='ltr'>secuta</span> <span class='ocrx_word' id='word_1_231' title='bbox 482 2894 540 2974; x_wconf 88' lang='lat' dir='ltr'>est,</span> <span class='ocrx_word' id='word_1_232' title='bbox 569 2890 749 2954; x_wconf 87' lang='lat' dir='ltr'>resurrexit.</span> <span class='ocrx_word' id='word_1_233' title='bbox 793 2887 884 2953; x_wconf 81' lang='lat' dir='ltr'>Alias</span> <span class='ocrx_word' id='word_1_234' title='bbox 906 2890 1002 2954; x_wconf 87' lang='lat' dir='ltr'>nrbes</span> <span class='ocrx_word' id='word_1_235' title='bbox 1023 2889 1079 2954; x_wconf 93' lang='lat' dir='ltr'>ha·</span> 
     </span>
     <span class='ocr_line' id='line_1_32' title="bbox 71 2976 1079 3063; baseline 0 -21"><span class='ocrx_word' id='word_1_236' title='bbox 71 2979 172 3042; x_wconf 89' lang='lat' dir='ltr'>buere</span> <span class='ocrx_word' id='word_1_237' title='bbox 197 2976 409 3044; x_wconf 87' lang='lat' dir='ltr'>Macedonum</span> <span class='ocrx_word' id='word_1_238' title='bbox 435 2998 540 3063; x_wconf 87' lang='lat' dir='ltr'>reges,</span> <span class='ocrx_word' id='word_1_239' title='bbox 570 2979 676 3063; x_wconf 91' lang='lat' dir='ltr'>[quas]</span> <span class='ocrx_word' id='word_1_240' title='bbox 699 2999 787 3042; x_wconf 92' lang='lat' dir='ltr'>nunc</span> <span class='ocrx_word' id='word_1_241' title='bbox 808 2977 930 3042; x_wconf 87' lang='lat' dir='ltr'>hebent</span> <span class='ocrx_word' id='word_1_242' title='bbox 950 2976 1079 3042; x_wconf 86' lang='lat' dir='ltr'>Parthi:</span> 
     </span>
     <span class='ocr_line' id='line_1_33' title="bbox 70 3065 1079 3150; baseline -0.001 -20"><span class='ocrx_word' id='word_1_243' title='bbox 70 3066 169 3130; x_wconf 89' lang='lat' dir='ltr'>huius</span> <span class='ocrx_word' id='word_1_244' title='bbox 201 3066 371 3150; x_wconf 86' lang='lat' dir='ltr'>vestigium</span> <span class='ocrx_word' id='word_1_245' title='bbox 398 3088 466 3131; x_wconf 90' lang='lat' dir='ltr'>non</span> <span class='ocrx_word' id='word_1_246' title='bbox 492 3067 700 3148; x_wconf 86' lang='lat' dir='ltr'>inveniretur,</span> <span class='ocrx_word' id='word_1_247' title='bbox 731 3065 795 3130; x_wconf 89' lang='lat' dir='ltr'>nisi</span> <span class='ocrx_word' id='word_1_248' title='bbox 820 3067 944 3131; x_wconf 86' lang='lat' dir='ltr'>Araxes</span> <span class='ocrx_word' id='word_1_249' title='bbox 976 3067 1079 3129; x_wconf 90' lang='lat' dir='ltr'>amnis</span> 
     </span>
     <span class='ocr_line' id='line_1_34' title="bbox 72 3152 1080 3239; baseline -0.001 -21"><span class='ocrx_word' id='word_1_250' title='bbox 72 3152 266 3218; x_wconf 90' lang='lat' dir='ltr'>ostenderet.</span> <span class='ocrx_word' id='word_1_251' title='bbox 296 3153 393 3219; x_wconf 89' lang='lat' dir='ltr'>Haud</span> <span class='ocrx_word' id='word_1_252' title='bbox 405 3155 517 3239; x_wconf 88' lang='lat' dir='ltr'>procul</span> <span class='ocrx_word' id='word_1_253' title='bbox 530 3155 697 3219; x_wconf 88' lang='lat' dir='ltr'>moenibus</span> <span class='ocrx_word' id='word_1_254' title='bbox 712 3153 860 3219; x_wconf 88' lang='lat' dir='ltr'>fluxerat:</span> <span class='ocrx_word' id='word_1_255' title='bbox 880 3153 954 3218; x_wconf 90' lang='lat' dir='ltr'>inde</span> <span class='ocrx_word' id='word_1_256' title='bbox 967 3154 1080 3218; x_wconf 89' lang='lat' dir='ltr'>urbem</span> 
     </span>
     <span class='ocr_line' id='line_1_35' title="bbox 70 3241 1080 3327; baseline 0.001 -23"><span class='ocrx_word' id='word_1_257' title='bbox 70 3241 174 3305; x_wconf 81' lang='lat' dir='ltr'>fuisse</span> <span class='ocrx_word' id='word_1_258' title='bbox 196 3258 243 3305; x_wconf 85' lang='lat' dir='ltr'>xx</span> <span class='ocrx_word' id='word_1_259' title='bbox 256 3242 367 3306; x_wconf 88' lang='lat' dir='ltr'>stadiis</span> <span class='ocrx_word' id='word_1_260' title='bbox 390 3243 563 3307; x_wconf 89' lang='lat' dir='ltr'>distantem</span> <span class='ocrx_word' id='word_1_261' title='bbox 586 3242 717 3306; x_wconf 89' lang='lat' dir='ltr'>credunt</span> <span class='ocrx_word' id='word_1_262' title='bbox 736 3243 840 3327; x_wconf 86' lang='lat' dir='ltr'>magis</span> <span class='ocrx_word' id='word_1_263' title='bbox 859 3263 955 3327; x_wconf 90' lang='lat' dir='ltr'>quam</span> <span class='ocrx_word' id='word_1_264' title='bbox 974 3242 1080 3306; x_wconf 89' lang='lat' dir='ltr'>sciunt</span> 
     </span>
     <span class='ocr_line' id='line_1_36' title="bbox 72 3329 1131 3414; baseline 0.007 -22"><span class='ocrx_word' id='word_1_265' title='bbox 72 3330 210 3394; x_wconf 89' lang='lat' dir='ltr'>accolae.</span> <span class='ocrx_word' id='word_1_266' title='bbox 249 3329 395 3395; x_wconf 89' lang='lat' dir='ltr'>Pudebat</span> <span class='ocrx_word' id='word_1_267' title='bbox 415 3330 605 3395; x_wconf 83' lang='lat' dir='ltr'>Macedones</span> <span class='ocrx_word' id='word_1_268' title='bbox 627 3332 694 3395; x_wconf 91' lang='lat' dir='ltr'>tam</span> <span class='ocrx_word' id='word_1_269' title='bbox 716 3331 912 3414; x_wconf 86' lang='lat' dir='ltr'>praeclaram</span> <span class='ocrx_word' id='word_1_270' title='bbox 930 3330 1042 3394; x_wconf 90' lang='lat' dir='ltr'>urbem</span> <span class='ocrx_word' id='word_1_271' title='bbox 1061 3352 1080 3393; x_wconf 88' lang='lat' dir='ltr'>a</span> <span class='ocrx_word' id='word_1_272' title='bbox 1100 3351 1131 3399; x_wconf 86' lang='lat'>10</span> 
     </span>
     <span class='ocr_line' id='line_1_37' title="bbox 73 3417 1079 3504; baseline -0.002 -22"><span class='ocrx_word' id='word_1_273' title='bbox 73 3417 321 3483; x_wconf 90' lang='lat' dir='ltr'>comissabundo</span> <span class='ocrx_word' id='word_1_274' title='bbox 344 3439 419 3504; x_wconf 83' lang='lat' dir='ltr'>rege</span> <span class='ocrx_word' id='word_1_275' title='bbox 442 3419 577 3483; x_wconf 91' lang='lat' dir='ltr'>deletam</span> <span class='ocrx_word' id='word_1_276' title='bbox 600 3440 677 3483; x_wconf 92' lang='lat' dir='ltr'>esse.</span> <span class='ocrx_word' id='word_1_277' title='bbox 708 3417 821 3502; x_wconf 91' lang='lat' dir='ltr'>Itaque</span> <span class='ocrx_word' id='word_1_278' title='bbox 839 3439 890 3482; x_wconf 90' lang='lat' dir='ltr'>res</span> <span class='ocrx_word' id='word_1_279' title='bbox 908 3419 943 3482; x_wconf 91' lang='lat' dir='ltr'>in</span> <span class='ocrx_word' id='word_1_280' title='bbox 962 3418 1079 3482; x_wconf 90' lang='lat' dir='ltr'>serium</span> 
     </span>
     <span class='ocr_line' id='line_1_38' title="bbox 72 3506 1079 3591; baseline 0.001 -23"><span class='ocrx_word' id='word_1_281' title='bbox 72 3526 167 3569; x_wconf 87' lang='lat' dir='ltr'>versa</span> <span class='ocrx_word' id='word_1_282' title='bbox 189 3509 238 3570; x_wconf 92' lang='lat' dir='ltr'>est</span> <span class='ocrx_word' id='word_1_283' title='bbox 260 3510 293 3570; x_wconf 91' lang='lat' dir='ltr'>et</span> <span class='ocrx_word' id='word_1_284' title='bbox 313 3506 551 3590; x_wconf 86' lang='lat' dir='ltr'>imperaverunt</span> <span class='ocrx_word' id='word_1_285' title='bbox 572 3507 641 3591; x_wconf 88' lang='lat' dir='ltr'>sibi,</span> <span class='ocrx_word' id='word_1_286' title='bbox 663 3510 700 3571; x_wconf 91' lang='lat' dir='ltr'>ut</span> <span class='ocrx_word' id='word_1_287' title='bbox 722 3508 887 3572; x_wconf 87' lang='lat' dir='ltr'>crederent</span> <span class='ocrx_word' id='word_1_288' title='bbox 905 3506 961 3570; x_wconf 92' lang='lat' dir='ltr'>illo</span> <span class='ocrx_word' id='word_1_289' title='bbox 980 3507 1079 3588; x_wconf 91' lang='lat' dir='ltr'>potis·</span> 
     </span>
     <span class='ocr_line' id='line_1_39' title="bbox 73 3593 1130 3679; baseline 0.003 -21"><span class='ocrx_word' id='word_1_290' title='bbox 73 3593 192 3658; x_wconf 90' lang='lat' dir='ltr'>simum</span> <span class='ocrx_word' id='word_1_291' title='bbox 227 3595 322 3660; x_wconf 91' lang='lat' dir='ltr'>modo</span> <span class='ocrx_word' id='word_1_292' title='bbox 356 3594 455 3660; x_wconf 84' lang='lat' dir='ltr'>fuisse</span> <span class='ocrx_word' id='word_1_293' title='bbox 487 3595 660 3660; x_wconf 90' lang='lat' dir='ltr'>delendam.</span> <span class='ocrx_word' id='word_1_294' title='bbox 714 3594 837 3679; x_wconf 90' lang='lat' dir='ltr'>Ipsum,</span> <span class='ocrx_word' id='word_1_295' title='bbox 873 3597 911 3658; x_wconf 89' lang='lat' dir='ltr'>ut</span> <span class='ocrx_word' id='word_1_296' title='bbox 940 3594 1130 3677; x_wconf 83' lang='lat' dir='ltr'>primumn</span> 
     </span>
    </p>

    <p class='ocr_par' dir='ltr' id='par_1_4' title="bbox 883 3699 919 3749">
     <span class='ocr_line' id='line_1_40' title="bbox 883 3699 919 3749; baseline 0 -17"><span class='ocrx_word' id='word_1_297' title='bbox 883 3699 919 3749; x_wconf 63' lang='lat'>78</span> 
     </span>
    </p>
   </div>
   <div class='ocr_carea' id='block_1_3' title="bbox 0 0 1300 4098">
    <p class='ocr_par' dir='ltr' id='par_1_5' title="bbox 0 0 1300 4098">
     <span class='ocr_line' id='line_1_41' title="bbox 0 0 1300 4098; baseline 0 0"><span class='ocrx_word' id='word_1_298' title='bbox 0 0 1300 4098; x_wconf 95' lang='lat' dir='ltr'> </span> 
     </span>
    </p>
   </div>
  </div>
 </body>
</html>
