2552 4108
217 259 470 317 HISTORIARUM
488 260 701 315 ALEXANDRI
718 260 771 330 ΙΙΙ,
791 267 832 317 11.
852 268 893 318 12.
1016 261 1060 325 23

35 406 177 472 licentia
201 407 384 491 vagaretur.
415 405 505 470 'lunc
528 426 602 471 vcro
625 405 803 489 inpotentis
821 404 969 470 fortunae
988 428 1059 489 spe·
1076 423 1115 479 23

37 496 104 559 cies
130 496 282 577 conspici
305 495 422 578 potuit,
451 515 523 558 oum
544 495 581 577 ii,
611 495 666 577 qui
689 494 791 558 Dareo
816 494 1060 559 tabernaculum

38 587 295 665 exornaverant,
318 583 405 646 omni
417 584 493 646 luxu
508 585 540 646 et
557 583 720 666 opulentia
737 584 936 665 instructum,
950 581 1060 647 eadem

37 672 97 735 illa
111 671 316 754 Alexandro,
339 671 430 754 quasi
443 671 543 734 veteri
557 671 695 754 domino,
715 671 930 735 reservabant
961 669 1060 735 Narn-

39 781 103 842 que
132 759 169 823 id
200 760 308 824 solum
334 759 491 823 intactum
518 759 694 824 omiserant
721 759 839 822 milites
866 759 912 822 ita
941 759 1060 824 tradito

40 869 148 932 more,
184 851 226 910 ut
254 847 407 911 victorem
433 847 510 910 victi
532 848 616 932 regis
639 847 845 911 tabernaculo
869 847 1059 930 exciperent

6 938 31 1001 39
42 933 106 1000 Sed
141 936 292 1000 omnium
324 935 433 1000 oculos
464 936 649 1018 animosque
680 935 716 998 in
747 938 848 999 semet
879 938 1061 999 averterant
1077 944 1115 996 24

42 1025 196 1106 captivae
233 1026 336 1087 mater
363 1023 539 1107 coniuxque
566 1021 676 1086 Darei:
713 1024 768 1088 illa
799 1044 867 1088 non
893 1024 1061 1088 maiestate

44 1113 161 1195 solum,
177 1112 239 1176 scd
254 1112 351 1175 etiam
369 1115 472 1175 aetate
485 1111 684 1192 venerabilis,
697 1110 777 1174 haec
786 1110 908 1175 formae
922 1111 1061 1195 pulchri-

43 1200 160 1264 tudine
183 1221 230 1263 ne
263 1200 319 1262 illa
351 1198 476 1283 quidem
500 1203 585 1264 sorte
608 1203 785 1282 corruptae.
829 1197 1006 1282 Receperat
1027 1199 1063 1262 in

46 1288 155 1351 sinum
180 1287 286 1352 filium
308 1288 452 1352 noudum
475 1291 599 1352 sextum
622 1309 742 1351 annum
761 1287 875 1350 aetatis
889 1309 1061 1372 egressum,

46 1375 81 1437 in
113 1397 211 1459 spem
246 1377 355 1439 tantae
382 1375 544 1460 fortunae,
572 1380 724 1459 quantam
751 1378 842 1458 pater
870 1375 936 1438 eius
963 1376 1060 1457 paulo

48 1467 122 1526 ante
147 1464 314 1546 amiserat,
337 1465 488 1547 genitum.
531 1463 577 1527 At
598 1464 633 1528 in
656 1464 777 1548 gremio
801 1484 880 1526 anus
904 1463 994 1526 aviae
1016 1463 1060 1526 ia·
1079 1471 1117 1524 25

49 1550 167 1614 cebant
200 1552 331 1615 adultae
363 1552 444 1615 duae
474 1552 629 1636 virgines,
657 1573 724 1616 non
752 1573 809 1615 suo
837 1553 977 1633 tantum,
1006 1549 1062 1615 sed
1102 1586 1104 1594 ·

50 1639 147 1702 etiam
170 1640 263 1703 illius
286 1661 428 1704 maerore
452 1640 625 1704 confectae.
660 1638 781 1724 Ingens
810 1639 987 1704 circaeam
1004 1659 1061 1702 no·

49 1724 164 1790 biham
195 1727 391 1792 feminarum
417 1728 513 1791 turba
540 1727 728 1792 constiterat
749 1727 896 1791 laceratis
920 1725 1061 1790 crinibus

53 1813 262 1899 abscissaque
284 1819 381 1899 veste,
405 1816 534 1899 pristini
556 1815 678 1879 decoris
700 1816 910 1897 immemores7
932 1814 1061 1898 reginas

52 1900 266 1987 dominasque
288 1904 371 1967 veris
390 1903 560 1987 quondam,
582 1906 660 1966 tunc
679 1903 791 1966 alienis
809 1901 995 1967 nominibus
1014 1902 1062 1964 in·

56 1995 217 2055 vocantes.
254 1990 333 2054 Illae
357 2012 433 2055 suae
457 1991 649 2054 calamitatis
673 1990 800 2073 oblitae,
822 1990 856 2053 in
874 1993 947 2055 utro
962 2010 1062 2055 cornu
1080 2001 1115 2050 aa

55 2072 178 2143 Dareus
196 2079 349 2162 stetisset,
372 2100 452 2163 quae
465 2079 596 2143 fortuna
610 2077 801 2142 discriminis
814 2077 936 2160 fuisset,
958 2078 1063 2160 requi-

55 2164 182 2230 rebant:
206 2167 374 2252 negabant
397 2187 430 2230 se
453 2170 573 2250 captas,
596 2167 624 2231 si
645 2167 766 2230 viveret
786 2188 851 2231 rex.
887 2165 949 2231 Sed
970 2167 1063 2230 illum

57 2270 153 2334 equos
177 2254 316 2320 subinde
337 2259 515 2319 mutantem
537 2255 665 2340 longius
688 2254 767 2339 fuga
790 2254 975 2318 abstulerat.

142 2341 183 2405 In
206 2343 275 2407 acie
299 2349 406 2406 autem
424 2365 516 2408 caesa
534 2347 610 2408 sunt
622 2342 793 2406 Persarum
811 2342 954 2426 peditum
971 2343 1061 2408 cmi·
1081 2352 1114 2401 2⁷

58 2423 112 2509 lia,
135 2428 248 2494 decem
270 2432 421 2514 equitum.
465 2430 511 2495 At
539 2453 559 2495 a
587 2435 678 2514 parte
701 2430 875 2494 Alexandri
903 2429 943 2493 ad
971 2433 1061 2513 quat·

59 2514 130 2578 tuor
158 2519 252 2584 mila
279 2519 447 2603 quingenti
479 2519 577 2584 saucii
603 2519 706 2600 fuere,
738 2539 777 2582 ex
807 2517 967 2602 peditibus
1001 2534 1062 2582 ccc

61 2604 189 2670 omnino
214 2610 248 2672 et
270 2606 332 2671 duo
356 2607 525 2671 desiderati
549 2610 632 2689 sunt,
656 2606 798 2690 equitum
821 2607 948 2668 centum
971 2605 1062 2686 quin-

61 2693 214 2840 qpeagiuta
241 2694 409 2760 interiecti
453 2694 591 2760 Tantulo
619 2693 770 2778 inpendio
792 2693 906 2777 ingens
929 2693 1063 2758 victoria

63 2795 77 2836 s
109 2780 157 2844 tit.

473 2938 550 3006 Osi.
573 2939 644 3004 XII.

20 3032 56 3098 30
146 3042 217 3112 Rex
239 3047 366 3130 quidem
387 3045 527 3111 Dareum
549 3045 767 3130 persequendo
789 3045 954 3130 fatigatus,
976 3047 1096 3128 post-1

66 3149 157 3223 quam
180 3137 213 3199 et
234 3156 300 3201 nox
323 3134 494 3219 adpetebat
516 3137 549 3198 et
571 3134 784 3217 consequendi
807 3156 879 3218 spes
901 3135 1064 3215 nouerat,

65 3232 97 3276 111
123 3225 228 3287 castra
254 3224 351 3307 paulo
379 3226 453 3286 ante
480 3244 499 3286 a
526 3223 591 3286 suis
615 3226 709 3305 capta
731 3222 884 3306 pervenit.
929 3220 1098 3288 Invitaria

68 3299 174 3402 deinde
211 3312 349 3396 amicos,
394 3310 509 3396 quibus
544 3311 681 3374 maxime
717 3310 919 3393 adsueverat,
963 3309 1065 3392 iussit,

69 3407 179 3477 qulppe
216 3421 339 3463 summa
371 3399 538 3463 dumtaxat
569 3399 650 3462 cutis
681 3398 717 3463 in
747 3398 865 3462 femine
896 3398 1065 3481 perstricta

68 3491 129 3541 ¹10ss
164 3487 356 3566 prohibebat
390 3488 543 3551 interesse
576 3487 733 3551 convivio:
775 3508 847 3549 cum
877 3489 1009 3568 repente
1047 3504 1099 3552 ea

71 3569 206 3640 Proximo
233 3576 439 3641 tabernaculo
466 3573 611 3659 lugubris
638 3575 758 3639 clamor
779 3573 916 3638 barbaro
940 3573 1065 3636 ululatu

71 3649 254 3746 planctuque
289 3665 465 3748 permixtus
500 3663 665 3747 epulantes
698 3662 883 3727 conterruit.
941 3659 1064 3726 Cohors
