2600 4096
270 204 523 260 HISTORIARUM
540 203 755 260 ALEXANDRI
772 203 833 273 VII,
851 209 876 261 t.
895 209 920 259 t.
1034 203 1096 267 167

86 349 225 430 adduxi,
252 370 291 414 eo
314 348 409 414 modo
433 352 576 432 captum,
603 349 692 414 cuius
715 349 785 432 ipse
807 347 885 412 fecit
907 347 1098 432 exemplum

86 437 232 521 Aperiat
250 436 290 502 ad
308 437 371 502 hoc
390 437 606 521 spectaculum
625 437 735 502 oculos
747 435 885 501 Dareus!
907 435 1038 500 Existat
1055 436 1097 500 ab

85 525 218 610 inferis,
242 526 297 610 qui
319 526 377 590 illo
397 525 555 610 supplicio
578 524 729 608 indiguus
752 524 815 589 fuit
837 528 870 590 et
891 524 953 589 hoc
976 524 1097 588 solacio

86 614 211 700 dignus
232 612 306 678 estl'
346 612 529 678 Alexander
547 613 685 678 multum
703 613 895 678 conlaudato
912 609 1097 698 Spitamene
1115 630 1150 680 aa

87 722 267 767 conversus
300 701 340 766 ad
365 702 516 781 Bessum,
548 699 679 785 ‘Cuius',
709 701 829 786 inquit,
860 699 959 766 ‘ferae
990 700 1097 765 rabies

87 789 264 873 occupavit
290 789 432 854 animum
460 794 566 872 tuum,
597 810 669 854 oum
700 809 811 873 regem
843 788 883 854 de
913 792 947 853 ta
976 788 1098 872 optime

88 879 246 942 meritum
264 878 354 961 prius
372 877 501 963 vincire,
519 877 632 942 deinde
646 876 788 941 occidere
807 876 1012 946 sustinuisti?
1036 874 1098 942 Sed

86 965 189 1030 buius
213 964 379 1049 parricidii
400 966 577 1031 mercedem
604 965 688 1030 falso
712 966 797 1050 regis
818 966 949 1030 nomine
975 965 1098 1049 persol-

87 1054 171 1118 visti
194 1052 278 1118 tibi'.
312 1052 373 1118 Ille
395 1053 521 1119 facinus
542 1073 681 1138 purgare
704 1074 771 1117 non
792 1075 887 1118 ausus
910 1054 997 1138 regis
1019 1053 1098 1118 titu-
1116 1071 1152 1120 aa

88 1141 161 1206 lum
189 1163 226 1206 se
252 1163 409 1225 usurpare
436 1142 530 1226 dixit,
557 1146 593 1207 ut
620 1145 748 1227 gentem
771 1163 863 1205 suam
884 1141 1011 1206 tradere
1033 1142 1099 1226 ipsi

89 1234 218 1313 posset:
242 1230 297 1314 qui
320 1229 348 1294 si
371 1234 542 1311 cessasset,
565 1231 664 1295 alium
685 1229 785 1294 fuisse
807 1249 942 1312 regnum
963 1250 1098 1314 oocupa-

87 1322 214 1384 turum
253 1317 298 1383 Et
315 1317 498 1383 Alexander
516 1317 692 1400 Oxathren,
714 1316 849 1382 fratrem
866 1316 981 1401 Darei,
1003 1339 1098 1403 quam
1116 1335 1153 1386 40

89 1409 179 1471 inter
197 1408 340 1490 corporis
355 1407 501 1472 custodes
520 1406 670 1488 habebat,
687 1406 819 1491 propius
836 1405 932 1470 iussit
950 1406 1098 1470 accedere

88 1495 242 1578 tradique
258 1494 395 1559 Bessum
413 1495 456 1579 ei,
473 1499 511 1559 ut
528 1495 613 1559 cruci
631 1495 771 1559 adfixum
789 1493 948 1560 mutilatis
967 1493 1098 1558 auribus

88 1583 288 1666 naribusque
311 1583 441 1666 sagittis
460 1583 658 1669 configerent
679 1582 811 1647 barbari
828 1582 1099 1665 adservarentque

88 1693 223 1755 corpus,
254 1674 291 1736 ut
320 1693 361 1735 ne
393 1693 467 1736 aves
499 1673 627 1755 quidem
659 1671 893 1756 contingerent.
938 1669 1098 1735 Oxathres
1115 1688 1149 1737 41

88 1763 201 1824 cetera
220 1757 283 1822 sibi
297 1780 391 1823 curae
404 1758 473 1823 fore
487 1760 669 1842 pollicetur:
688 1779 763 1823 aves
781 1780 847 1823 non
861 1758 902 1823 ab
917 1757 981 1822 alio
1001 1779 1099 1842 quam

90 1869 111 1910 a
135 1845 259 1912 Catene
281 1868 376 1930 posse
399 1847 563 1930 prohiberi
586 1847 698 1929 adicit,
725 1845 875 1912 eximiam
898 1846 966 1911 eius
994 1851 1098 1911 artem

90 1936 225 2019 cupiens
249 1934 430 2000 ostendere:
456 1957 594 2018 namque
621 1935 700 1999 adeo
728 1938 816 1998 certo
843 1935 910 1999 ictu
937 1935 1100 1999 destinata

91 2023 247 2105 feriebat,
277 2027 314 2088 ut
343 2045 418 2087 aves
450 2045 574 2107 quoque
606 2023 777 2107 exciperet.
825 2021 919 2088 Nunc
951 2021 1099 2105 forsitan,
1116 2040 1152 2088 42

90 2109 273 2196 sagittandi
298 2113 364 2175 tam
392 2111 512 2176 celebri
538 2133 612 2196 usu,
638 2112 744 2176 minus
771 2110 971 2176 admirabilis
996 2110 1100 2176 videri

89 2221 145 2264 ars
182 2198 263 2263 haec
298 2199 415 2282 possit:
453 2202 522 2263 tum
552 2200 668 2284 ingens
699 2199 877 2264 visentibus
908 2199 1098 2267 miraculum

92 2307 277 2373 magnoque
300 2286 415 2352 honori
437 2283 552 2352 Oateni
574 2288 645 2352 fuit
687 2287 781 2353 Dona
804 2287 917 2353 deinde
940 2288 1153 2371 omnibusne

91 2375 152 2460 qui
173 2375 311 2439 Bessum
338 2375 550 2459 adduxerant,
576 2377 653 2440 data
675 2379 758 2441 suut
804 2375 954 2442 Ceterum
977 2375 1099 2460 suppli-

91 2465 179 2528 cium
207 2462 275 2527 'eius
303 2463 443 2546 distulit,
470 2470 508 2529 ut
535 2486 572 2529 eo
599 2464 684 2548 loco,
711 2465 746 2528 in
774 2485 836 2548 quo
862 2463 1005 2529 Dareum
1028 2464 1099 2547 ipse

91 2550 270 2635 occiderat,
292 2554 468 2616 necaretur.

518 2699 596 2766 llas.
619 2699 675 2766 VI.

181 2814 310 2879 Interea
332 2815 521 2880 Macedones
545 2815 587 2879 ad
613 2813 787 2898 petendum
813 2813 968 2898 pabulum
989 2813 1133 2880 incon-1

90 2903 201 2988 posito
234 2904 362 2988 agmine
394 2904 516 2989 egressi
548 2925 568 2968 a
598 2902 758 2981 barbaris,
792 2903 846 2987 qui
876 2901 915 2967 de
941 2901 1098 2986 proximis

90 2991 259 3056 montibus
291 2991 513 3074 decurrerunt,
550 2990 775 3074 opprimuntur
807 2991 979 3075 pluresque
1011 2989 1099 3073 capti

91 3082 170 3144 sunt
201 3100 299 3163 quam
333 3081 444 3145 occisi:
477 3079 607 3144 barbari
638 3081 745 3142 autem
777 3079 921 3162 captivos
953 3099 1030 3162 prae
1064 3095 1135 3144 sea

90 3170 226 3252 agentes
244 3189 353 3232 rursus
372 3168 407 3232 in
424 3172 566 3232 montem
584 3172 792 3232 recesserunt
829 3189 871 3232 xx
889 3167 982 3231 milia
999 3166 1098 3231 latro-

90 3259 295 3320 numerant:
317 3255 425 3320 fundis
445 3255 637 3340 sagittisque
655 3275 800 3338 pugnam
817 3255 982 3320 invadunt.
1009 3253 1134 3330 Quosa
1225 3259 1232 3271 '

90 3345 169 3408 dum
187 3343 316 3408 obsidet
333 3365 401 3427 rex,
421 3343 506 3408 iuter
524 3343 783 3426 promptissimos
803 3342 958 3408 dimicans
977 3343 1099 3426 sagitta

90 3433 176 3497 ictus
195 3434 259 3516 est,
278 3454 359 3517 quae
377 3433 412 3496 in
430 3431 535 3496 medio
553 3451 643 3496 crure
661 3432 726 3497 fixa
743 3433 917 3516 reliquerat
931 3431 1099 3515 spiculum.

90 3519 190 3585 Illum
213 3519 343 3604 quidem
366 3520 482 3584 maesti
505 3523 538 3583 et
560 3519 693 3585 attoniti
715 3520 906 3587 Macedones
933 3519 967 3583 in
990 3521 1134 3584 castras

90 3607 287 3673 referebant:
311 3608 366 3672 sed
383 3629 442 3673 nec
465 3608 620 3673 barbaros
639 3607 756 3708 fefellit
778 3608 952 3672 subductus
972 3628 1011 3670 ex
1029 3605 1098 3671 acie
