2600 4096
184 197 248 262 170
552 195 584 262 Q.
603 195 712 252 CURTI
729 195 815 251 RUFI

181 365 238 408 rex
256 341 297 407 ad
314 340 466 406 ultimum
487 340 665 425 periculum
688 340 784 405 venit
823 338 971 423 Namque
993 340 1097 404 cervix
1117 340 1185 405 eius

182 452 260 496 saxo
278 430 326 495 ita
339 430 404 494 icta
418 432 480 512 est,
498 430 535 492 ut
553 429 654 493 oculis
673 428 812 512 caligine
830 428 933 492 offusa
950 428 1186 513 conlaberetur,

180 540 221 583 ne
239 518 356 583 mentis
376 516 503 601 quidem
521 537 665 599 compos:
683 515 842 581 exereitus
860 518 946 581 certe
963 515 1054 581 velut
1072 521 1184 599 erepto

128 626 163 676 ιι
182 607 243 688 [ιιι]
275 627 313 671 ec
345 604 511 689 ingemuit
565 602 627 669 Sed
659 604 796 669 invictus
831 603 982 668 adversus
1013 625 1069 686 ea,
1101 626 1186 688 quae

182 701 306 759 ceteros
328 695 460 776 terrent,
486 691 627 757 nondum
654 696 824 776 percurato
846 693 978 757 vulnere
1000 693 1104 757 aerius
1127 693 1185 758 ob·

181 782 299 847 sidioui
329 780 450 845 institit
480 781 661 845 naturalem
688 781 886 845 celeritatem
916 781 967 845 ira
993 781 1185 847 concitante.

181 868 335 935 Cuniculo
363 887 440 951 ergo
467 869 605 933 suffossa
631 868 758 933 moenia
784 869 898 953 ingens
924 868 1083 933 nudavere
1110 891 1185 952 spa·

179 958 275 1039 tium,
297 979 355 1040 per
378 955 465 1039 quod
487 957 621 1042 inrupit,
648 957 813 1040 victorque
836 957 948 1020 urbem
971 956 1055 1020 dirui
1077 956 1184 1022 iussit

127 1066 163 1116 ιι
267 1043 352 1110 Hinc
368 1043 591 1108 Menedemum
614 1065 686 1109 cum
709 1044 812 1108 tribus
831 1044 962 1109 milibus
985 1045 1131 1127 peditum
1148 1045 1236 1111 at28

180 1149 269 1199 Dccc
283 1133 443 1217 equitibus
461 1132 501 1197 ad
519 1134 630 1197 urbem
642 1132 838 1197 Maracanda
851 1133 949 1197 misit.
981 1131 1184 1216 Spitamenes

180 1221 348 1306 transfuga
382 1220 543 1304 praesidio
574 1219 784 1286 Macedonum
815 1220 889 1284 inde
920 1220 1044 1285 deiecto
1079 1221 1184 1287 muris

179 1310 269 1374 urbis
293 1311 360 1374 eius
383 1310 558 1373 incluserat
580 1329 614 1372 se
637 1307 723 1372 haud
744 1308 913 1392 oppidanis
937 1309 1106 1374 consilium
1130 1309 1185 1374 de-

178 1398 328 1463 fectionis
346 1397 609 1480 adprobantibus.
645 1395 741 1480 Sequi
758 1401 866 1460 tamen
883 1396 1083 1480 videbantur,
1106 1398 1186 1482 quia

126 1505 160 1556 25
179 1486 350 1570 probibere
367 1507 432 1550 non
449 1507 491 1568 po
492 1487 607 1549 terant
642 1484 777 1549 Interim
794 1483 975 1549 Alexander
992 1485 1033 1549 ad
1046 1485 1186 1552 Tanaim

180 1597 306 1640 amnem
337 1574 485 1638 reditet
470 1575 688 1656 tquantum
723 1572 784 1637 soli
815 1577 1026 1656 occupaverat
1056 1575 1185 1660 castris,

179 1684 271 1728 muro
298 1659 514 1727 circumdedit
558 1678 607 1724 ux
636 1660 813 1724 stadiorum
843 1661 933 1725 urbis
964 1683 1074 1725 murus
1105 1660 1185 1728 fuit:

126 1772 161 1821 ao
180 1751 403 1836 huncquoque
418 1749 530 1813 urbem
543 1747 771 1812 Alexandriam
785 1749 970 1832 appellari
960 1749 1063 1813 iussit.
1092 1749 1183 1833 Opus

178 1843 272 1904 tanta
290 1839 399 1904 celarit
385 1840 453 1902 tate
471 1837 593 1923 perfect
594 1859 647 1901 um
666 1841 725 1919 est,
743 1839 780 1900 ut
794 1855 868 1902 xv11
886 1837 945 1919 die,
964 1858 1058 1920 quam
1080 1839 1185 1903 muni·

179 1931 288 1992 menta
306 1927 446 1991 excitata
463 1929 564 2008 erant,
581 1928 668 1990 tecta
687 1945 812 2076 quoque
830 1924 917 1989 urbis
932 1925 1184 1993 absolverentur.

179 2014 298 2115 Ingens
320 2014 407 2078 milit
407 2036 461 2078 um
484 2013 675 2078 certamen
665 2019 750 2077 mter
771 2012 860 2096 ipsos
882 2013 1002 2096 fuerat,
1027 2017 1065 2078 ut
1088 2038 1185 2080 suum

180 2103 313 2185 quisque
336 2122 510 2165 munus-
534 2123 609 2165 nam
632 2096 769 2165 divisum
788 2103 917 2165 erat-
874 2101 1057 2184 -primus
1077 2107 1185 2168 osten-

126 2209 160 2259 ιι
180 2188 276 2252 deret
319 2187 448 2252 Incolae
469 2209 572 2252 novae
599 2189 672 2254 urbi
698 2188 767 2253 dati
789 2189 920 2272 captivi,
947 2210 1027 2272 quos
1054 2191 1183 2257 reddito

178 2277 283 2360 pretio
301 2276 440 2341 dominis
462 2275 624 2359 liberavit,
647 2298 781 2360 quorum
804 2277 926 2360 posteri
947 2299 1032 2342 nunc
1053 2301 1183 2364 quoque

179 2365 263 2448 apud
277 2386 331 2430 eos
345 2369 414 2428 tam
427 2362 526 2447 longa
540 2368 593 2429 aet
578 2367 645 2429 tate
658 2367 790 2448 propter
804 2364 993 2430 memoriam
1003 2364 1183 2432 Alexandri

177 2475 242 2518 non
265 2453 480 2518 exoleverunt.

593 2600 671 2668 Car.
692 2602 766 2668 VH.

144 2740 158 2787 1
265 2716 312 2782 At
337 2704 392 2782 rex
415 2715 619 2801 Scytharum,
647 2717 736 2782 cuius
762 2720 832 2781 tum
854 2716 942 2782 ultra
962 2717 1131 2783 Tanaim
1120 2741 1180 2783 rm
1191 2715 1299 2816 29}

177 2807 302 2889 perium
326 2808 405 2887 erat,
431 2810 520 2871 ratus
544 2827 614 2870 eam
640 2806 766 2884 urbem,
795 2826 891 2888 quam
918 2805 954 2869 in
979 2806 1052 2889 ripa
1074 2807 1180 2873 amnis

177 2891 368 2958 Macedones
388 2855 607 2976 dondiderant,
627 2894 693 2958 suis
711 2893 887 2976 inpositam
903 2915 973 2958 esse
991 2894 1181 2979 cervicibus,

177 2981 321 3059 fratrem,
340 2976 522 3046 Carthasim
540 2982 678 3064 nomine,
697 3003 768 3046 cum
784 3001 904 3064 magna
920 2981 1008 3064 equit
1009 3003 1063 3046 um
1081 3005 1180 3047 manu

177 3069 267 3133 misit
285 3029 324 3131 ad
343 3067 530 3133 diruendam
548 3092 619 3135 eam
641 3069 816 3154 proculque
835 3091 928 3134 amne
946 3070 1180 3136 submovendas

142 3155 388 3225 aMacedonum
425 3157 543 3240 copias.
596 3156 784 3221 Bactrianos
815 3156 933 3222 Tanais
965 3159 1006 3222 ab
1039 3157 1117 3241 Scyt
1103 3159 1181 3243 this,

178 3265 258 3328 quos
294 3243 481 3326 Europaeos
522 3249 655 3323 vocant,
691 3244 814 3310 dividit
870 3244 960 3310 Idem
995 3244 1109 3310 Asiam
1146 3250 1181 3311 et

142 3331 341 3415 aEuropam
372 3331 445 3395 finis
476 3331 641 3399 interfluit
690 3330 750 3398 Get
736 3337 841 3397 terum
872 3331 1067 3417 Scytharum
1098 3354 1179 3419 gens

176 3420 262 3484 baud
284 3419 396 3502 procul
419 3418 624 3485 'l’hraciat
581 3424 624 3485 ιιι
626 3444 645 3485 a
662 3422 704 3486 ab
722 3422 844 3485 oriente
812 3420 908 3485 tad
927 3422 1180 3505 septentrionem

177 3530 212 3573 se
239 3507 338 3573 vertit
364 3505 493 3572 Sarmat
479 3512 660 3592 t‚arumque
691 3512 729 3573 ut
755 3508 884 3593 quidam
913 3509 1086 3594 credidere,
1113 3533 1180 3576 non

142 3595 258 3662 ιιιιιι
234 3599 328 3679 uma,
358 3597 413 3660 sed
440 3617 516 3680 pars
540 3599 597 3660 est.
641 3597 744 3661 Recta
770 3597 883 3662 deinde
905 3599 1036 3680 regione
1059 3599 1123 3664 salt
1109 3604 1180 3664 tum
1297 3591 1298 3631 ι
