2582 4098
224 229 288 296 130
585 214 617 281 o.
636 212 847 270 cuarrnurr

165 397 204 446 aa
222 371 399 452 Praerupta
419 381 515 445 rupes
538 361 601 440 est,
627 379 692 442 qua
714 361 840 440 spectat
862 357 1072 422 occidentem:
1099 354 1223 436 eadem,

221 483 286 546 qua
299 453 404 538 vergit
417 450 456 514 ad
470 447 636 529 orientem,
652 444 774 510 leniore
787 446 950 510 submissa
961 444 1094 530 fastigio
1107 443 1223 508 multis

222 545 388 614 arboribus
406 536 512 603 obsita
552 555 702 598 erennem
718 533 818 599 habet
834 534 972 615 fontem,
992 554 1030 597 ex
1048 552 1111 616 quo
1130 532 1223 614 large

223 653 323 720 aquae
344 626 484 692 manant.
520 557 678 687 dromus
701 621 769 686 eius
787 640 861 686 xxx
879 625 913 686 et
935 620 997 687 duo
1021 620 1127 686 stadia
1152 641 1223 684 eon·

169 714 395 806 reprehendit.
430 709 470 774 In
491 709 611 775 vertice
633 709 786 774 herbidus
805 731 950 793 campus:
972 709 1007 774 in
1027 709 1091 773 hoc
1113 708 1224 773 multi·

221 807 364 874 tudinem
390 799 542 864 inbellem
569 797 733 864 considere
760 798 881 864 iubent
925 797 1008 881 Ipsi,
1034 817 1099 882 qua
1125 819 1225 881 rupes

168 916 203 968 25
221 895 337 972 deerat,
350 887 501 952 arborum
514 889 646 952 truncos
661 890 695 952 et
708 907 786 950 saxa
799 886 1027 952 obmoliuntur.
1051 903 1119 950 x111
1131 885 1225 949 milia

220 984 344 1046 armata
363 978 462 1059 erant,
480 975 515 1041 in
534 997 669 1060 quorum
687 974 854 1040 obsidione
868 972 999 1040 Cratero
1018 973 1137 1040 relicto
1157 974 1224 1057 ipse

220 1066 449 1133 Satibarzanen
476 1064 566 1148 sequi
592 1063 735 1129 festinat.
779 1061 825 1128 Et
852 1063 926 1148 quia
952 1063 1081 1146 longius
1111 1053 1258 1127 abessell

220 1176 293 1221 eum
315 1155 522 1237 cognoverat,
545 1151 586 1216 ad
609 1151 841 1235 expugnandos
859 1171 928 1234 eos,
950 1151 1006 1236 qui
1024 1151 1113 1215 edita
1137 1172 1225 1216 mon-

167 1266 201 1314 as
219 1244 301 1309 tium
324 1243 573 1324 occupaverant,
598 1241 691 1305 redit
731 1238 780 1304 Ao
806 1239 912 1323 primo
934 1239 1104 1322 repurgari
1126 1239 1225 1321 iubet,

220 1328 373 1415 quidquid
390 1328 516 1414 ingredi
532 1333 678 1412 possent:
695 1326 825 1411 deinde,
843 1331 881 1392 ut
893 1327 1106 1392 occurrebant
1118 1327 1224 1392 inviae

220 1423 307 1484 cotes
329 1419 584 1501 praeruptaeque
601 1437 710 1500 rupes,
731 1416 848 1480 inritus
865 1415 958 1479 labor
978 1415 1151 1480 videbatur
1174 1416 1224 1479 ob

166 1528 200 1578 2⁷
219 1510 324 1572 stante
346 1508 471 1570 natura
508 1503 582 1587 Ille,
606 1507 643 1569 ut
664 1508 735 1568 erat
756 1504 855 1568 animi
877 1524 1003 1588 semper
1024 1503 1223 1570 obluctantis

219 1592 478 1676 difficultatibus,
497 1613 570 1657 oum
588 1595 622 1656 et
638 1592 790 1676 progredi
809 1592 943 1657 arduum
958 1595 990 1655 et
1002 1592 1124 1658 reverti
1142 1592 1222 1676 peri·

220 1683 364 1748 culusum
378 1684 477 1764 esset,
494 1680 645 1746 versabat
658 1701 693 1744 se
710 1680 751 1744 ad
764 1701 874 1745 omnes
889 1680 1119 1764 cogitationes,
1139 1678 1222 1745 aliud

220 1773 317 1855 atque
349 1768 448 1854 aliud,
480 1769 528 1835 ita
557 1772 595 1834 ut
625 1768 695 1832 fieri
725 1769 820 1848 solet,
853 1768 910 1833 ubi
940 1770 1046 1851 prima
1077 1789 1223 1853 quaeque

220 1859 422 1942 damnamus,
447 1856 622 1923 subiciente
645 1857 762 1921 animo.
806 1855 1002 1939 Hassitanti,
1029 1856 1117 1940 quod
1141 1858 1223 1922 ratio

166 1967 201 2016 28
219 1968 285 2011 non
311 1945 430 2030 potuit,
456 1945 587 2010 fortuna
614 1944 785 2010 consilium
812 1943 1078 2010 subministravit.
1120 1943 1222 2010 Vehe-

220 2057 311 2100 mens
342 2033 489 2099 favonius
520 2036 603 2117 erat‚
635 2036 668 2098 et
698 2033 835 2096 multam
866 2032 1036 2098 materiam
1065 2033 1223 2098 ceciderat

220 2123 328 2206 miles,
351 2121 475 2186 aditum
496 2143 555 2204 per
577 2143 655 2186 saxa
671 2120 813 2187 molitus.
848 2119 936 2185 Haec
959 2142 1078 2204 vapore
1101 2122 1222 2187 torrida

166 2230 201 2280 29
220 2211 286 2276 iam
317 2210 485 2275 inarserat
532 2207 620 2294 Ergo
653 2208 763 2292 adgeri
794 2208 875 2272 alias
908 2209 1039 2274 arbores
1068 2209 1165 2275 iubet
1194 2213 1222 2274 et

220 2299 290 2383 igni
316 2297 387 2362 dari
416 2297 582 2361 alimenta:
615 2297 822 2382 celeriterque
839 2296 1018 2380 'stipitibus
1051 2299 1222 2364 cumulatis

166 2406 202 2455 ao
220 2386 389 2471 fastigium
416 2385 536 2450 montis
563 2388 735 2469 aequatum
763 2389 820 2450 est
860 2384 949 2450 Tune
975 2384 1116 2470 undique
1138 2387 1222 2471 ignis

220 2475 357 2540 iniectus
372 2476 485 2540 cuneta
499 2473 737 2557 conprehendit.
767 2473 947 2538 Flammam
960 2473 995 2538 in
1009 2496 1066 2538 ora
1078 2475 1222 2541 hostium

220 2568 335 2630 ventus
356 2563 494 2645 ferebat,
522 2560 630 2627 fumus
653 2561 767 2645 ingens
789 2563 878 2626 velut
899 2560 1038 2646 quadam
1060 2564 1148 2627 nube
1172 2564 1222 2628 ab·

167 2671 202 2720 31
222 2653 391 2718 sconderat
412 2650 547 2717 caelum.
582 2648 747 2716 Sonabant
768 2650 915 2715 incendio
943 2649 1043 2715 silvae
1067 2654 1167 2736 atque
1190 2673 1223 2716 ea

222 2762 362 2825 quoque,
394 2761 475 2825 quae
506 2759 573 2804 non
601 2738 788 2804 incenderat
818 2738 928 2821 miles,
962 2743 1118 2822 concepto
1150 2741 1223 2824 igne

221 2829 369 2911 proxima
387 2848 530 2913 quaeque
544 2826 729 2892 adurebant.
760 2824 896 2892 Barbari
909 2826 1138 2911 suppliciorum
1151 2827 1224 2892 ulti·

222 2938 323 3000 mum‚
341 2917 370 2982 si
388 2938 451 3000 qua
465 2916 727 2982 intermoreretur
740 2913 826 2999 ignis
831 2962 840 2999 ‚
857 2914 997 3001 effugere
1014 2915 1224 2999 temptabant,

169 3025 203 3074 aa
223 3003 277 3069 aed
296 3026 360 3090 qua
377 3004 508 3069 flamma
526 3003 658 3068 dederat
676 3004 791 3085 locum,
808 3003 912 3067 hostis
931 3002 1093 3068 obstabat.
1124 3003 1225 3069 Varia

222 3092 322 3179 igitur
341 3093 436 3158 caede
459 3092 642 3176 consumpti
660 3094 748 3156 sunt:
772 3090 827 3155 alii
848 3090 883 3156 in
900 3090 1022 3156 medios
1041 3090 1146 3175 ignes,
1171 3091 1224 3156 alii

222 3181 323 3265 petris
346 3179 599 3265 praecipitavere
620 3202 668 3264 se,
690 3178 820 3264 quidam
842 3178 984 3245 hostiurn
1003 3179 1153 3245 manibus
1172 3181 1224 3244 ob·

223 3269 380 3354 tulerunt,
402 3267 496 3354 pauci
519 3267 735 3334 semiustulati
757 3287 871 3332 venere
893 3267 927 3332 in
950 3269 1155 3350 potestatem.

171 3377 205 3426 3³
310 3356 395 3424 Hinc
409 3357 449 3422 ed
463 3354 646 3439 Craterum,
665 3356 720 3440 qui
733 3355 918 3420 Artacoana
935 3354 1117 3439 obsidebat,
1134 3357 1223 3421 redit
1230 3357 1257 3426 il

221 3443 283 3510 llle
310 3446 459 3512 omnibus
490 3444 691 3530 praeparatis
721 3443 808 3528 regis
836 3443 1027 3527 expectabat
1055 3444 1223 3509 adventum

170 3552 206 3602 34
225 3537 339 3617 captae
370 3534 459 3600 urbis
490 3533 601 3615 titulo,
633 3531 717 3596 sicut
747 3553 807 3615 par
839 3534 920 3614 erat,
951 3531 1074 3597 cedens.
1121 3531 1223 3616 Igitur

228 3621 406 3688 Alexander
437 3625 542 3687 turres
575 3619 738 3685 admoveri
767 3618 872 3684 iubet:
908 3619 1042 3704 ipsoque
1073 3619 1223 3706 adspectu
1280 3659 1282 3730 1¹
