<?xml version="1.0" encoding="UTF-8"?>
<!DOCTYPE html PUBLIC "-//W3C//DTD XHTML 1.0 Transitional//EN"
    "http://www.w3.org/TR/xhtml1/DTD/xhtml1-transitional.dtd">
<html xmlns="http://www.w3.org/1999/xhtml" xml:lang="en" lang="en">
 <head>
  <title>
</title>
<meta http-equiv="Content-Type" content="text/html;charset=utf-8" />
  <meta name='ocr-system' content='tesseract 3.04.00' />
  <meta name='ocr-capabilities' content='ocr_page ocr_carea ocr_par ocr_line ocrx_word'/>
</head>
<body>
  <div class='ocr_page' id='page_1' title='image "./qcurtirufihisto04rufugoog_0298.png"; bbox 0 0 2602 4094; ppageno 0'>
   <div class='ocr_carea' id='block_1_1' title="bbox 163 155 859 267">
    <p class='ocr_par' dir='ltr' id='par_1_1' title="bbox 163 155 859 267">
     <span class='ocr_line' id='line_1_1' title="bbox 163 155 859 267; baseline -0.006 -9"><span class='ocrx_word' id='word_1_1' title='bbox 163 155 165 162; x_wconf 21' lang='lat' dir='ltr'><strong>i</strong></span> <span class='ocrx_word' id='word_1_2' title='bbox 229 202 294 267; x_wconf 79' lang='grc'><strong>266</strong></span> <span class='ocrx_word' id='word_1_3' title='bbox 597 202 629 267; x_wconf 79' lang='lat' dir='ltr'><strong>Q.</strong></span> <span class='ocrx_word' id='word_1_4' title='bbox 649 201 756 257; x_wconf 82' lang='lat' dir='ltr'>CURTI</span> <span class='ocrx_word' id='word_1_5' title='bbox 773 201 859 257; x_wconf 80' lang='lat' dir='ltr'><strong>RUFI</strong></span> 
     </span>
    </p>
   </div>
   <div class='ocr_carea' id='block_1_2' title="bbox 178 346 1226 1757">
    <p class='ocr_par' dir='ltr' id='par_1_2' title="bbox 178 346 1226 1757">
     <span class='ocr_line' id='line_1_2' title="bbox 228 346 1224 430; baseline -0.002 -18"><span class='ocrx_word' id='word_1_6' title='bbox 228 346 376 413; x_wconf 88' lang='lat' dir='ltr'><strong>toleratis</strong></span> <span class='ocrx_word' id='word_1_7' title='bbox 404 351 450 430; x_wconf 90' lang='lat' dir='ltr'><strong>et,</strong></span> <span class='ocrx_word' id='word_1_8' title='bbox 482 367 554 412; x_wconf 91' lang='lat' dir='ltr'><strong>cum</strong></span> <span class='ocrx_word' id='word_1_9' title='bbox 586 346 689 411; x_wconf 87' lang='lat' dir='ltr'><strong>fortes</strong></span> <span class='ocrx_word' id='word_1_10' title='bbox 717 346 777 411; x_wconf 83' lang='lat' dir='ltr'><strong>viri</strong></span> <span class='ocrx_word' id='word_1_11' title='bbox 805 347 890 429; x_wconf 86' lang='lat' dir='ltr'><strong>sitis,</strong></span> <span class='ocrx_word' id='word_1_12' title='bbox 922 368 988 412; x_wconf 89' lang='lat' dir='ltr'><strong>non</strong></span> <span class='ocrx_word' id='word_1_13' title='bbox 1011 346 1224 412; x_wconf 82' lang='lat' dir='ltr'><strong>tortitudinem</strong></span> 
     </span>
     <span class='ocr_line' id='line_1_3' title="bbox 229 433 1224 521; baseline -0.002 -21"><span class='ocrx_word' id='word_1_14' title='bbox 229 436 333 521; x_wconf 80' lang='lat' dir='ltr'><strong>magis</strong></span> <span class='ocrx_word' id='word_1_15' title='bbox 366 457 463 520; x_wconf 87' lang='lat' dir='ltr'><strong>quam</strong></span> <span class='ocrx_word' id='word_1_16' title='bbox 494 435 590 500; x_wconf 92' lang='lat' dir='ltr'><strong>fidem</strong></span> <span class='ocrx_word' id='word_1_17' title='bbox 623 434 740 499; x_wconf 89' lang='lat' dir='ltr'><strong>colitis.</strong></span> <span class='ocrx_word' id='word_1_18' title='bbox 789 433 859 500; x_wconf 89' lang='lat' dir='ltr'><strong>Hoc</strong></span> <span class='ocrx_word' id='word_1_19' title='bbox 891 456 952 520; x_wconf 86' lang='lat' dir='ltr'><strong>ego</strong></span> <span class='ocrx_word' id='word_1_20' title='bbox 983 457 1070 499; x_wconf 91' lang='lat' dir='ltr'><strong>nunc</strong></span> <span class='ocrx_word' id='word_1_21' title='bbox 1095 435 1224 518; x_wconf 89' lang='lat' dir='ltr'><strong>primum</strong></span> 
     </span>
     <span class='ocr_line' id='line_1_4' title="bbox 179 522 1224 609; baseline 0.003 -25"><span class='ocrx_word' id='word_1_22' title='bbox 179 536 212 585; x_wconf 89' lang='lat'><strong>10</strong></span> <span class='ocrx_word' id='word_1_23' title='bbox 230 525 396 609; x_wconf 88' lang='lat' dir='ltr'><strong>profiteor,</strong></span> <span class='ocrx_word' id='word_1_24' title='bbox 423 523 478 588; x_wconf 89' lang='lat' dir='ltr'><strong>sed</strong></span> <span class='ocrx_word' id='word_1_25' title='bbox 506 523 585 588; x_wconf 91' lang='lat' dir='ltr'><strong>olim</strong></span> <span class='ocrx_word' id='word_1_26' title='bbox 607 523 683 588; x_wconf 90' lang='lat' dir='ltr'><strong>scic.</strong></span> <span class='ocrx_word' id='word_1_27' title='bbox 730 522 843 607; x_wconf 88' lang='lat' dir='ltr'><strong>Itaque</strong></span> <span class='ocrx_word' id='word_1_28' title='bbox 867 529 900 588; x_wconf 87' lang='lat' dir='ltr'><strong>et</strong></span> <span class='ocrx_word' id='word_1_29' title='bbox 927 523 1079 588; x_wconf 88' lang='lat' dir='ltr'><strong>dilectum</strong></span> <span class='ocrx_word' id='word_1_30' title='bbox 1102 545 1118 586; x_wconf 94' lang='lat' dir='ltr'><strong>e</strong></span> <span class='ocrx_word' id='word_1_31' title='bbox 1140 522 1224 588; x_wconf 85' lang='lat' dir='ltr'><strong>vobis</strong></span> 
     </span>
     <span class='ocr_line' id='line_1_5' title="bbox 229 611 1225 694; baseline -0.001 -18"><span class='ocrx_word' id='word_1_32' title='bbox 229 614 391 678; x_wconf 88' lang='lat' dir='ltr'><strong>iuniorum</strong></span> <span class='ocrx_word' id='word_1_33' title='bbox 418 611 519 676; x_wconf 90' lang='lat' dir='ltr'><strong>habui</strong></span> <span class='ocrx_word' id='word_1_34' title='bbox 545 616 579 676; x_wconf 90' lang='lat' dir='ltr'><strong>et</strong></span> <span class='ocrx_word' id='word_1_35' title='bbox 604 632 663 675; x_wconf 84' lang='lat' dir='ltr'><strong>vos</strong></span> <span class='ocrx_word' id='word_1_36' title='bbox 690 632 834 676; x_wconf 87' lang='lat' dir='ltr'><strong>meorum</strong></span> <span class='ocrx_word' id='word_1_37' title='bbox 861 611 1001 676; x_wconf 88' lang='lat' dir='ltr'><strong>militum</strong></span> <span class='ocrx_word' id='word_1_38' title='bbox 1028 612 1155 694; x_wconf 78' lang='lat' dir='ltr'>corpori</span> <span class='ocrx_word' id='word_1_39' title='bbox 1175 612 1225 675; x_wconf 86' lang='lat' dir='ltr'><strong>inr-</strong></span> 
     </span>
     <span class='ocr_line' id='line_1_6' title="bbox 230 698 1224 779; baseline -0.003 -13"><span class='ocrx_word' id='word_1_40' title='bbox 230 701 353 766; x_wconf 84' lang='lat' dir='ltr'><strong>miscui.</strong></span> <span class='ocrx_word' id='word_1_41' title='bbox 390 699 479 765; x_wconf 89' lang='lat' dir='ltr'><strong>Idem</strong></span> <span class='ocrx_word' id='word_1_42' title='bbox 507 699 652 779; x_wconf 89' lang='lat' dir='ltr'><strong>habitus,</strong></span> <span class='ocrx_word' id='word_1_43' title='bbox 675 699 785 764; x_wconf 87' lang='lat' dir='ltr'><strong>eadem</strong></span> <span class='ocrx_word' id='word_1_44' title='bbox 814 721 905 765; x_wconf 87' lang='lat' dir='ltr'><strong>arma</strong></span> <span class='ocrx_word' id='word_1_45' title='bbox 933 703 1009 765; x_wconf 89' lang='lat' dir='ltr'><strong>sunt</strong></span> <span class='ocrx_word' id='word_1_46' title='bbox 1034 701 1134 764; x_wconf 83' lang='lat' dir='ltr'><strong>vobis.</strong></span> <span class='ocrx_word' id='word_1_47' title='bbox 1170 698 1224 764; x_wconf 80' lang='lat' dir='ltr'><strong>Ob</strong></span> 
     </span>
     <span class='ocr_line' id='line_1_7' title="bbox 231 788 1225 875; baseline -0.004 -21"><span class='ocrx_word' id='word_1_48' title='bbox 231 791 376 875; x_wconf 84' lang='lat' dir='ltr'><strong>sequium</strong></span> <span class='ocrx_word' id='word_1_49' title='bbox 402 808 478 852; x_wconf 78' lang='lat' dir='ltr'><strong>vero</strong></span> <span class='ocrx_word' id='word_1_50' title='bbox 507 792 539 852; x_wconf 90' lang='lat' dir='ltr'><strong>et</strong></span> <span class='ocrx_word' id='word_1_51' title='bbox 564 788 722 871; x_wconf 88' lang='lat' dir='ltr'><strong>patientia</strong></span> <span class='ocrx_word' id='word_1_52' title='bbox 748 788 876 872; x_wconf 85' lang='lat' dir='ltr'><strong>imperii</strong></span> <span class='ocrx_word' id='word_1_53' title='bbox 900 789 997 874; x_wconf 85' lang='lat' dir='ltr'><strong>longe</strong></span> <span class='ocrx_word' id='word_1_54' title='bbox 1017 788 1225 872; x_wconf 77' lang='lat' dir='ltr'><strong>praestantior</strong></span> 
     </span>
     <span class='ocr_line' id='line_1_8' title="bbox 178 875 1225 961; baseline 0 -23"><span class='ocrx_word' id='word_1_55' title='bbox 178 890 211 938; x_wconf 86' lang='lat'><strong>11</strong></span> <span class='ocrx_word' id='word_1_56' title='bbox 231 881 281 943; x_wconf 86' lang='lat' dir='ltr'><strong>est</strong></span> <span class='ocrx_word' id='word_1_57' title='bbox 308 898 405 961; x_wconf 90' lang='lat' dir='ltr'><strong>quam</strong></span> <span class='ocrx_word' id='word_1_58' title='bbox 432 876 557 941; x_wconf 88' lang='lat' dir='ltr'><strong>ceteris.</strong></span> <span class='ocrx_word' id='word_1_59' title='bbox 597 876 686 960; x_wconf 84' lang='lat' dir='ltr'><strong>Ergo</strong></span> <span class='ocrx_word' id='word_1_60' title='bbox 713 877 783 960; x_wconf 90' lang='lat' dir='ltr'><strong>ipse</strong></span> <span class='ocrx_word' id='word_1_61' title='bbox 812 875 962 961; x_wconf 74' lang='lat' dir='ltr'><strong>Oxyartis</strong></span> <span class='ocrx_word' id='word_1_62' title='bbox 990 876 1107 941; x_wconf 83' lang='lat' dir='ltr'><strong>Persae</strong></span> <span class='ocrx_word' id='word_1_63' title='bbox 1133 877 1225 940; x_wconf 88' lang='lat' dir='ltr'><strong>filiam</strong></span> 
     </span>
     <span class='ocr_line' id='line_1_9' title="bbox 230 963 1226 1050; baseline -0.003 -20"><span class='ocrx_word' id='word_1_64' title='bbox 230 987 355 1030; x_wconf 91' lang='lat' dir='ltr'><strong>mecum</strong></span> <span class='ocrx_word' id='word_1_65' title='bbox 382 965 588 1030; x_wconf 83' lang='lat' dir='ltr'><strong>matrimonia</strong></span> <span class='ocrx_word' id='word_1_66' title='bbox 611 963 714 1043; x_wconf 84' lang='lat' dir='ltr'><strong>iunxi,</strong></span> <span class='ocrx_word' id='word_1_67' title='bbox 744 987 810 1031; x_wconf 93' lang='lat' dir='ltr'><strong>non</strong></span> <span class='ocrx_word' id='word_1_68' title='bbox 832 965 1023 1050; x_wconf 69' lang='lat' dir='ltr'><strong>dedignatus</strong></span> <span class='ocrx_word' id='word_1_69' title='bbox 1046 987 1085 1030; x_wconf 86' lang='lat' dir='ltr'><strong>ex</strong></span> <span class='ocrx_word' id='word_1_70' title='bbox 1108 965 1226 1048; x_wconf 85' lang='lat' dir='ltr'><strong>captiva</strong></span> 
     </span>
     <span class='ocr_line' id='line_1_10' title="bbox 180 1052 1225 1138; baseline 0.001 -24"><span class='ocrx_word' id='word_1_71' title='bbox 180 1067 211 1115; x_wconf 78' lang='lat'><strong>12</strong></span> <span class='ocrx_word' id='word_1_72' title='bbox 230 1054 349 1118; x_wconf 87' lang='lat' dir='ltr'><strong>liberos</strong></span> <span class='ocrx_word' id='word_1_73' title='bbox 367 1053 493 1118; x_wconf 90' lang='lat' dir='ltr'><strong>tollere.</strong></span> <span class='ocrx_word' id='word_1_74' title='bbox 528 1052 606 1118; x_wconf 86' lang='lat' dir='ltr'><strong>Mox</strong></span> <span class='ocrx_word' id='word_1_75' title='bbox 623 1053 746 1138; x_wconf 89' lang='lat' dir='ltr'><strong>deinde,</strong></span> <span class='ocrx_word' id='word_1_76' title='bbox 769 1075 842 1118; x_wconf 91' lang='lat' dir='ltr'><strong>cum</strong></span> <span class='ocrx_word' id='word_1_77' title='bbox 866 1055 1000 1138; x_wconf 88' lang='lat' dir='ltr'><strong>stirpem</strong></span> <span class='ocrx_word' id='word_1_78' title='bbox 1022 1055 1148 1138; x_wconf 85' lang='lat' dir='ltr'><strong>generis</strong></span> <span class='ocrx_word' id='word_1_79' title='bbox 1169 1052 1225 1116; x_wconf 90' lang='lat' dir='ltr'><strong>mei</strong></span> 
     </span>
     <span class='ocr_line' id='line_1_11' title="bbox 230 1140 1225 1226; baseline 0 -21"><span class='ocrx_word' id='word_1_80' title='bbox 230 1141 329 1207; x_wconf 89' lang='lat' dir='ltr'><strong>latius</strong></span> <span class='ocrx_word' id='word_1_81' title='bbox 359 1161 538 1226; x_wconf 83' lang='lat' dir='ltr'><strong>propagare</strong></span> <span class='ocrx_word' id='word_1_82' title='bbox 565 1163 726 1226; x_wconf 89' lang='lat' dir='ltr'><strong>cuperem,</strong></span> <span class='ocrx_word' id='word_1_83' title='bbox 755 1164 885 1207; x_wconf 88' lang='lat' dir='ltr'><strong>uxorem</strong></span> <span class='ocrx_word' id='word_1_84' title='bbox 908 1141 1006 1206; x_wconf 89' lang='lat' dir='ltr'><strong>Darei</strong></span> <span class='ocrx_word' id='word_1_85' title='bbox 1031 1142 1133 1206; x_wconf 87' lang='lat' dir='ltr'><strong>filiam</strong></span> <span class='ocrx_word' id='word_1_86' title='bbox 1159 1140 1225 1205; x_wconf 88' lang='lat' dir='ltr'><strong>duxi</strong></span> 
     </span>
     <span class='ocr_line' id='line_1_12' title="bbox 231 1229 1224 1315; baseline 0 -22"><span class='ocrx_word' id='word_1_87' title='bbox 231 1230 449 1314; x_wconf 86' lang='lat' dir='ltr'><strong>proximisque</strong></span> <span class='ocrx_word' id='word_1_88' title='bbox 468 1230 644 1295; x_wconf 86' lang='lat' dir='ltr'><strong>amicorum</strong></span> <span class='ocrx_word' id='word_1_89' title='bbox 664 1234 774 1295; x_wconf 86' lang='lat' dir='ltr'><strong>auctor</strong></span> <span class='ocrx_word' id='word_1_90' title='bbox 792 1231 840 1295; x_wconf 88' lang='lat' dir='ltr'><strong>fui</strong></span> <span class='ocrx_word' id='word_1_91' title='bbox 859 1253 898 1296; x_wconf 86' lang='lat' dir='ltr'><strong>ex</strong></span> <span class='ocrx_word' id='word_1_92' title='bbox 911 1231 1048 1315; x_wconf 83' lang='lat' dir='ltr'><strong>captivis</strong></span> <span class='ocrx_word' id='word_1_93' title='bbox 1063 1229 1224 1312; x_wconf 84' lang='lat' dir='ltr'><strong>generandi</strong></span> 
     </span>
     <span class='ocr_line' id='line_1_13' title="bbox 231 1316 1225 1404; baseline -0.002 -22"><span class='ocrx_word' id='word_1_94' title='bbox 231 1319 364 1404; x_wconf 82' lang='lat' dir='ltr'><strong>liberae,</strong></span> <span class='ocrx_word' id='word_1_95' title='bbox 399 1323 435 1383; x_wconf 90' lang='lat' dir='ltr'><strong>ut</strong></span> <span class='ocrx_word' id='word_1_96' title='bbox 464 1318 527 1383; x_wconf 93' lang='lat' dir='ltr'><strong>hoc</strong></span> <span class='ocrx_word' id='word_1_97' title='bbox 559 1339 649 1383; x_wconf 86' lang='lat' dir='ltr'><strong>sacro</strong></span> <span class='ocrx_word' id='word_1_98' title='bbox 679 1318 809 1384; x_wconf 83' lang='lat' dir='ltr'><strong>foedere</strong></span> <span class='ocrx_word' id='word_1_99' title='bbox 837 1341 932 1384; x_wconf 90' lang='lat' dir='ltr'><strong>omne</strong></span> <span class='ocrx_word' id='word_1_100' title='bbox 959 1318 1130 1384; x_wconf 87' lang='lat' dir='ltr'><strong>discrimen</strong></span> <span class='ocrx_word' id='word_1_101' title='bbox 1156 1316 1225 1382; x_wconf 88' lang='lat' dir='ltr'><strong>victi</strong></span> 
     </span>
     <span class='ocr_line' id='line_1_14' title="bbox 179 1405 1224 1492; baseline 0.001 -24"><span class='ocrx_word' id='word_1_102' title='bbox 179 1420 212 1468; x_wconf 84' lang='lat'><strong>1³</strong></span> <span class='ocrx_word' id='word_1_103' title='bbox 232 1411 265 1472; x_wconf 91' lang='lat' dir='ltr'><strong>et</strong></span> <span class='ocrx_word' id='word_1_104' title='bbox 282 1407 414 1472; x_wconf 86' lang='lat' dir='ltr'><strong>victoris</strong></span> <span class='ocrx_word' id='word_1_105' title='bbox 434 1407 642 1472; x_wconf 85' lang='lat' dir='ltr'><strong>excluderem.</strong></span> <span class='ocrx_word' id='word_1_106' title='bbox 681 1406 819 1471; x_wconf 89' lang='lat' dir='ltr'><strong>Proinde</strong></span> <span class='ocrx_word' id='word_1_107' title='bbox 838 1409 963 1492; x_wconf 83' lang='lat' dir='ltr'><strong>genitos</strong></span> <span class='ocrx_word' id='word_1_108' title='bbox 983 1428 1053 1472; x_wconf 87' lang='lat' dir='ltr'><strong>esse</strong></span> <span class='ocrx_word' id='word_1_109' title='bbox 1071 1430 1127 1473; x_wconf 79' lang='lat' dir='ltr'><strong>voa</strong></span> <span class='ocrx_word' id='word_1_110' title='bbox 1145 1405 1224 1486; x_wconf 83' lang='lat' dir='ltr'><strong>mihi,</strong></span> 
     </span>
     <span class='ocr_line' id='line_1_15' title="bbox 232 1495 1225 1578; baseline -0.003 -18"><span class='ocrx_word' id='word_1_111' title='bbox 232 1517 298 1560; x_wconf 92' lang='lat' dir='ltr'><strong>non</strong></span> <span class='ocrx_word' id='word_1_112' title='bbox 321 1495 461 1560; x_wconf 85' lang='lat' dir='ltr'><strong>adscitos</strong></span> <span class='ocrx_word' id='word_1_113' title='bbox 484 1496 606 1559; x_wconf 88' lang='lat' dir='ltr'><strong>milites</strong></span> <span class='ocrx_word' id='word_1_114' title='bbox 628 1496 756 1564; x_wconf 87' lang='lat' dir='ltr'><strong>credite.</strong></span> <span class='ocrx_word' id='word_1_115' title='bbox 794 1497 891 1561; x_wconf 89' lang='lat' dir='ltr'><strong>Asiae</strong></span> <span class='ocrx_word' id='word_1_116' title='bbox 914 1500 948 1562; x_wconf 91' lang='lat' dir='ltr'><strong>et</strong></span> <span class='ocrx_word' id='word_1_117' title='bbox 968 1495 1119 1578; x_wconf 81' lang='lat' dir='ltr'><strong>Europae</strong></span> <span class='ocrx_word' id='word_1_118' title='bbox 1136 1516 1225 1559; x_wconf 89' lang='lat' dir='ltr'><strong>unum</strong></span> 
     </span>
     <span class='ocr_line' id='line_1_16' title="bbox 232 1583 1226 1669; baseline -0.003 -20"><span class='ocrx_word' id='word_1_119' title='bbox 232 1587 330 1669; x_wconf 90' lang='lat' dir='ltr'><strong>atque</strong></span> <span class='ocrx_word' id='word_1_120' title='bbox 352 1583 438 1648; x_wconf 90' lang='lat' dir='ltr'><strong>idem</strong></span> <span class='ocrx_word' id='word_1_121' title='bbox 466 1603 601 1667; x_wconf 78' lang='lat' dir='ltr'><strong>regnum</strong></span> <span class='ocrx_word' id='word_1_122' title='bbox 629 1589 686 1648; x_wconf 91' lang='lat' dir='ltr'><strong>est.</strong></span> <span class='ocrx_word' id='word_1_123' title='bbox 722 1583 933 1650; x_wconf 83' lang='lat' dir='ltr'><strong>Macedonum</strong></span> <span class='ocrx_word' id='word_1_124' title='bbox 958 1585 1052 1649; x_wconf 89' lang='lat' dir='ltr'><strong>vobis</strong></span> <span class='ocrx_word' id='word_1_125' title='bbox 1075 1606 1162 1648; x_wconf 88' lang='lat' dir='ltr'><strong>arma</strong></span> <span class='ocrx_word' id='word_1_126' title='bbox 1182 1583 1226 1662; x_wconf 81' lang='lat' dir='ltr'><strong>do,</strong></span> 
     </span>
     <span class='ocr_line' id='line_1_17' title="bbox 232 1670 1226 1757; baseline -0.003 -20"><span class='ocrx_word' id='word_1_127' title='bbox 232 1672 409 1737; x_wconf 84' lang='lat' dir='ltr'><strong>inveteravi</strong></span> <span class='ocrx_word' id='word_1_128' title='bbox 432 1672 636 1757; x_wconf 84' lang='lat' dir='ltr'><strong>peregrinam</strong></span> <span class='ocrx_word' id='word_1_129' title='bbox 657 1673 847 1738; x_wconf 79' lang='lat' dir='ltr'><strong>novitatem,</strong></span> <span class='ocrx_word' id='word_1_130' title='bbox 894 1673 941 1738; x_wconf 78' lang='lat' dir='ltr'><strong>Mt</strong></span> <span class='ocrx_word' id='word_1_131' title='bbox 963 1673 1048 1738; x_wconf 89' lang='lat' dir='ltr'><strong>cives</strong></span> <span class='ocrx_word' id='word_1_132' title='bbox 1071 1673 1134 1738; x_wconf 90' lang='lat' dir='ltr'><strong>mei</strong></span> <span class='ocrx_word' id='word_1_133' title='bbox 1155 1670 1226 1736; x_wconf 85' lang='lat' dir='ltr'><strong>estis</strong></span> 
     </span>
    </p>
   </div>
   <div class='ocr_carea' id='block_1_3' title="bbox 180 1758 1280 1872">
    <p class='ocr_par' dir='ltr' id='par_1_3' title="bbox 180 1758 1280 1872">
     <span class='ocr_line' id='line_1_18' title="bbox 180 1758 1280 1872; baseline 0 -50"><span class='ocrx_word' id='word_1_134' title='bbox 180 1775 213 1822; x_wconf 80' lang='lat'><strong>14</strong></span> <span class='ocrx_word' id='word_1_135' title='bbox 233 1766 266 1826; x_wconf 89' lang='lat' dir='ltr'><strong>et</strong></span> <span class='ocrx_word' id='word_1_136' title='bbox 283 1760 412 1826; x_wconf 85' lang='lat' dir='ltr'><strong>milites.</strong></span> <span class='ocrx_word' id='word_1_137' title='bbox 449 1758 566 1825; x_wconf 90' lang='lat' dir='ltr'><strong>Omnia</strong></span> <span class='ocrx_word' id='word_1_138' title='bbox 586 1761 721 1826; x_wconf 87' lang='lat' dir='ltr'><strong>eundem</strong></span> <span class='ocrx_word' id='word_1_139' title='bbox 738 1761 859 1826; x_wconf 90' lang='lat' dir='ltr'><strong>ducunt</strong></span> <span class='ocrx_word' id='word_1_140' title='bbox 876 1763 1030 1826; x_wconf 89' lang='lat' dir='ltr'><strong>colorem:</strong></span> <span class='ocrx_word' id='word_1_141' title='bbox 1052 1783 1112 1827; x_wconf 91' lang='lat' dir='ltr'><strong>nec</strong></span> <span class='ocrx_word' id='word_1_142' title='bbox 1128 1759 1226 1825; x_wconf 85' lang='lat' dir='ltr'><strong>Persis</strong></span> <span class='ocrx_word' id='word_1_143' title='bbox 1279 1811 1280 1872; x_wconf 39' lang='lat' dir='ltr'><strong>p</strong></span> 
     </span>
    </p>
   </div>
   <div class='ocr_carea' id='block_1_4' title="bbox 231 1848 1225 1914">
    <p class='ocr_par' dir='ltr' id='par_1_4' title="bbox 231 1848 1280 2007">
     <span class='ocr_line' id='line_1_19' title="bbox 231 1848 1225 1914; baseline -0.004 0"><span class='ocrx_word' id='word_1_144' title='bbox 231 1849 443 1914; x_wconf 87' lang='lat' dir='ltr'><strong>Macedonum</strong></span> <span class='ocrx_word' id='word_1_145' title='bbox 470 1870 593 1913; x_wconf 91' lang='lat' dir='ltr'><strong>morem</strong></span> <span class='ocrx_word' id='word_1_146' title='bbox 617 1849 806 1914; x_wconf 87' lang='lat' dir='ltr'><strong>adumbrare</strong></span> <span class='ocrx_word' id='word_1_147' title='bbox 829 1871 888 1914; x_wconf 93' lang='lat' dir='ltr'><strong>nec</strong></span> <span class='ocrx_word' id='word_1_148' title='bbox 910 1848 1139 1914; x_wconf 87' lang='lat' dir='ltr'><strong>Macedonibus</strong></span> <span class='ocrx_word' id='word_1_149' title='bbox 1158 1848 1225 1913; x_wconf 89' lang='lat' dir='ltr'><strong>Per·</strong></span> 
     </span>
    </p>
   </div>
   <div class='ocr_carea' id='block_1_5' title="bbox 231 1933 1279 2552">
    <p class='ocr_par' dir='ltr' id='par_1_5' title="bbox 233 1933 1225 2110">
     <span class='ocr_line' id='line_1_20' title="bbox 233 1933 1225 2019; baseline -0.005 -16"><span class='ocrx_word' id='word_1_150' title='bbox 233 1960 286 2003; x_wconf 87' lang='lat' dir='ltr'><strong>sas</strong></span> <span class='ocrx_word' id='word_1_151' title='bbox 305 1938 428 2002; x_wconf 89' lang='lat' dir='ltr'><strong>imitari</strong></span> <span class='ocrx_word' id='word_1_152' title='bbox 446 1936 640 2002; x_wconf 88' lang='lat' dir='ltr'><strong>indecorum.</strong></span> <span class='ocrx_word' id='word_1_153' title='bbox 670 1937 824 2002; x_wconf 86' lang='lat' dir='ltr'><strong>Eiusdem</strong></span> <span class='ocrx_word' id='word_1_154' title='bbox 842 1939 921 2003; x_wconf 88' lang='lat' dir='ltr'><strong>iuris</strong></span> <span class='ocrx_word' id='word_1_155' title='bbox 941 1959 1010 2002; x_wconf 90' lang='lat' dir='ltr'><strong>esse</strong></span> <span class='ocrx_word' id='word_1_156' title='bbox 1029 1938 1157 2019; x_wconf 89' lang='lat' dir='ltr'><strong>debent,</strong></span> <span class='ocrx_word' id='word_1_157' title='bbox 1176 1933 1225 2018; x_wconf 91' lang='lat' dir='ltr'><strong>qui</strong></span> 
     </span>
     <span class='ocr_line' id='line_1_21' title="bbox 233 2025 781 2110; baseline 0 -20"><span class='ocrx_word' id='word_1_158' title='bbox 233 2026 292 2092; x_wconf 87' lang='lat' dir='ltr'><strong>sub</strong></span> <span class='ocrx_word' id='word_1_159' title='bbox 316 2026 427 2090; x_wconf 90' lang='lat' dir='ltr'><strong>eodem</strong></span> <span class='ocrx_word' id='word_1_160' title='bbox 449 2046 525 2110; x_wconf 83' lang='lat' dir='ltr'><strong>rege</strong></span> <span class='ocrx_word' id='word_1_161' title='bbox 547 2026 663 2090; x_wconf 85' lang='lat' dir='ltr'><strong>victuri</strong></span> <span class='ocrx_word' id='word_1_162' title='bbox 686 2025 781 2090; x_wconf 70' lang='lat' dir='ltr'><strong>sunt?</strong></span> 
     </span>
    </p>

    <p class='ocr_par' dir='ltr' id='par_1_6' title="bbox 231 2113 1279 2552">
     <span class='ocr_line' id='line_1_22' title="bbox 320 2113 1225 2196; baseline -0.004 -18"><span class='ocrx_word' id='word_1_163' title='bbox 320 2114 393 2178; x_wconf 88' lang='lat' dir='ltr'><strong>Hac</strong></span> <span class='ocrx_word' id='word_1_164' title='bbox 419 2116 557 2179; x_wconf 84' lang='lat' dir='ltr'><strong>oratione</strong></span> <span class='ocrx_word' id='word_1_165' title='bbox 583 2115 688 2179; x_wconf 76' lang='lat' dir='ltr'><strong>babila</strong></span> <span class='ocrx_word' id='word_1_166' title='bbox 710 2114 815 2180; x_wconf 80' lang='lat' dir='ltr'><strong>Persis</strong></span> <span class='ocrx_word' id='word_1_167' title='bbox 840 2115 975 2196; x_wconf 76' lang='lat' dir='ltr'><strong>corporis</strong></span> <span class='ocrx_word' id='word_1_168' title='bbox 996 2115 1048 2179; x_wconf 81' lang='lat' dir='ltr'><strong>sai</strong></span> <span class='ocrx_word' id='word_1_169' title='bbox 1069 2113 1225 2179; x_wconf 70' lang='lat' dir='ltr'><strong>arabiam</strong></span> 
     </span>
     <span class='ocr_line' id='line_1_23' title="bbox 232 2199 1225 2285; baseline -0.002 -19"><span class='ocrx_word' id='word_1_170' title='bbox 232 2201 368 2283; x_wconf 83' lang='lat' dir='ltr'><strong>credidit,</strong></span> <span class='ocrx_word' id='word_1_171' title='bbox 390 2201 503 2266; x_wconf 84' lang='lat' dir='ltr'><strong>Persae</strong></span> <span class='ocrx_word' id='word_1_172' title='bbox 524 2203 680 2284; x_wconf 73' lang='lat' dir='ltr'><strong>saucias,</strong></span> <span class='ocrx_word' id='word_1_173' title='bbox 707 2202 822 2268; x_wconf 78' lang='lat' dir='ltr'><strong>Persas</strong></span> <span class='ocrx_word' id='word_1_174' title='bbox 842 2204 1034 2285; x_wconf 74' lang='lat' dir='ltr'><strong>apparitores</strong></span> <span class='ocrx_word' id='word_1_175' title='bbox 1054 2203 1132 2283; x_wconf 79' lang='lat' dir='ltr'><strong>fecit.</strong></span> <span class='ocrx_word' id='word_1_176' title='bbox 1171 2199 1225 2265; x_wconf 85' lang='lat' dir='ltr'><strong>Pcr</strong></span> 
     </span>
     <span class='ocr_line' id='line_1_24' title="bbox 231 2289 1225 2372; baseline 0 -19"><span class='ocrx_word' id='word_1_177' title='bbox 231 2310 306 2372; x_wconf 82' lang='lat' dir='ltr'><strong>qaas</strong></span> <span class='ocrx_word' id='word_1_178' title='bbox 331 2309 401 2354; x_wconf 82' lang='lat' dir='ltr'><strong>cara</strong></span> <span class='ocrx_word' id='word_1_179' title='bbox 429 2291 624 2369; x_wconf 81' lang='lat' dir='ltr'><strong>Macedones,</strong></span> <span class='ocrx_word' id='word_1_180' title='bbox 652 2292 707 2372; x_wconf 82' lang='lat' dir='ltr'><strong>qai</strong></span> <span class='ocrx_word' id='word_1_181' title='bbox 729 2291 801 2356; x_wconf 82' lang='lat' dir='ltr'><strong>baie</strong></span> <span class='ocrx_word' id='word_1_182' title='bbox 821 2293 963 2357; x_wconf 80' lang='lat' dir='ltr'><strong>seditioni</strong></span> <span class='ocrx_word' id='word_1_183' title='bbox 985 2291 1165 2356; x_wconf 75' lang='lat' dir='ltr'><strong>occasionem</strong></span> <span class='ocrx_word' id='word_1_184' title='bbox 1184 2289 1225 2353; x_wconf 78' lang='lat' dir='ltr'><strong>de</strong></span> 
     </span>
     <span class='ocr_line' id='line_1_25' title="bbox 231 2378 1223 2463; baseline -0.004 -19"><span class='ocrx_word' id='word_1_185' title='bbox 231 2380 357 2462; x_wconf 82' lang='lat' dir='ltr'><strong>diescat,</strong></span> <span class='ocrx_word' id='word_1_186' title='bbox 387 2379 482 2443; x_wconf 83' lang='lat' dir='ltr'><strong>cincti</strong></span> <span class='ocrx_word' id='word_1_187' title='bbox 509 2379 553 2443; x_wconf 85' lang='lat' dir='ltr'><strong>od</strong></span> <span class='ocrx_word' id='word_1_188' title='bbox 580 2380 734 2460; x_wconf 78' lang='lat' dir='ltr'><strong>ercpplicia</strong></span> <span class='ocrx_word' id='word_1_189' title='bbox 765 2379 969 2463; x_wconf 77' lang='lat' dir='ltr'><strong>trabercntccr,</strong></span> <span class='ocrx_word' id='word_1_190' title='bbox 999 2400 1099 2444; x_wconf 73' lang='lat' dir='ltr'><strong>anaim</strong></span> <span class='ocrx_word' id='word_1_191' title='bbox 1124 2399 1160 2444; x_wconf 84' lang='lat' dir='ltr'><strong>ca</strong></span> <span class='ocrx_word' id='word_1_192' title='bbox 1182 2378 1223 2458; x_wconf 81' lang='lat' dir='ltr'><strong>iic,</strong></span> 
     </span>
     <span class='ocr_line' id='line_1_26' title="bbox 231 2468 1279 2552; baseline -0.005 -20"><span class='ocrx_word' id='word_1_193' title='bbox 231 2468 412 2534; x_wconf 58' lang='lat' dir='ltr'><strong>accantati</strong></span> <span class='ocrx_word' id='word_1_194' title='bbox 428 2471 457 2532; x_wconf 83' lang='lat' dir='ltr'><strong>et</strong></span> <span class='ocrx_word' id='word_1_195' title='bbox 472 2471 570 2532; x_wconf 75' lang='lat' dir='ltr'><strong>aetate</strong></span> <span class='ocrx_word' id='word_1_196' title='bbox 588 2488 713 2550; x_wconf 77' lang='lat' dir='ltr'><strong>pravam</strong></span> <span class='ocrx_word' id='word_1_197' title='bbox 730 2470 773 2534; x_wconf 85' lang='lat' dir='ltr'><strong>ad</strong></span> <span class='ocrx_word' id='word_1_198' title='bbox 789 2489 886 2551; x_wconf 79' lang='lat' dir='ltr'><strong>repam</strong></span> <span class='ocrx_word' id='word_1_199' title='bbox 903 2469 950 2532; x_wconf 84' lang='lat' dir='ltr'><strong>ita</strong></span> <span class='ocrx_word' id='word_1_200' title='bbox 968 2469 1101 2533; x_wconf 75' lang='lat' dir='ltr'><strong>locabam</strong></span> <span class='ocrx_word' id='word_1_201' title='bbox 1115 2469 1223 2548; x_wconf 76' lang='lat' dir='ltr'><strong>sacal:</strong></span> <span class='ocrx_word' id='word_1_202' title='bbox 1278 2511 1279 2552; x_wconf 40' lang='lat' dir='ltr'><strong>p</strong></span> 
     </span>
    </p>
   </div>
   <div class='ocr_carea' id='block_1_6' title="bbox 198 2626 1278 3700">
    <p class='ocr_par' dir='ltr' id='par_1_7' title="bbox 658 2557 1279 2693">
     <span class='ocr_line' id='line_1_27' title="bbox 658 2626 815 2693; baseline -0.003 0"><span class='ocrx_word' id='word_1_203' title='bbox 658 2627 736 2693; x_wconf 75' lang='lat' dir='ltr'><strong>Ore.</strong></span> <span class='ocrx_word' id='word_1_204' title='bbox 758 2626 815 2692; x_wconf 91' lang='lat' dir='ltr'><strong>IV.</strong></span> 
     </span>
    </p>

    <p class='ocr_par' dir='ltr' id='par_1_8' title="bbox 198 2695 1279 3171">
     <span class='ocr_line' id='line_1_28' title="bbox 198 2725 1264 2818; baseline -0.005 -23"><span class='ocrx_word' id='word_1_205' title='bbox 198 2748 212 2795; x_wconf 93' lang='lat'>1</span> <span class='ocrx_word' id='word_1_206' title='bbox 320 2731 540 2818; x_wconf 53' lang='lat' dir='ltr'><strong>‘Quousque&#39;</strong></span> <span class='ocrx_word' id='word_1_207' title='bbox 572 2734 688 2817; x_wconf 88' lang='lat' dir='ltr'><strong>inquit,</strong></span> <span class='ocrx_word' id='word_1_208' title='bbox 717 2731 841 2798; x_wconf 73' lang='lat' dir='ltr'><strong>‘anima</strong></span> <span class='ocrx_word' id='word_1_209' title='bbox 871 2738 927 2797; x_wconf 89' lang='lat' dir='ltr'><strong>tuo</strong></span> <span class='ocrx_word' id='word_1_210' title='bbox 955 2733 1052 2798; x_wconf 85' lang='lat' dir='ltr'><strong>etiam</strong></span> <span class='ocrx_word' id='word_1_211' title='bbox 1080 2754 1145 2816; x_wconf 76' lang='lat' dir='ltr'><strong>per¹</strong></span> <span class='ocrx_word' id='word_1_212' title='bbox 1162 2725 1264 2814; x_wconf 79' lang='lat' dir='ltr'><strong>sup-13</strong></span> 
     </span>
     <span class='ocr_line' id='line_1_29' title="bbox 233 2820 1226 2907; baseline -0.002 -23"><span class='ocrx_word' id='word_1_213' title='bbox 233 2820 331 2905; x_wconf 89' lang='lat' dir='ltr'><strong>plicia</strong></span> <span class='ocrx_word' id='word_1_214' title='bbox 358 2827 391 2887; x_wconf 91' lang='lat' dir='ltr'><strong>et</strong></span> <span class='ocrx_word' id='word_1_215' title='bbox 420 2821 549 2907; x_wconf 91' lang='lat' dir='ltr'><strong>quidem</strong></span> <span class='ocrx_word' id='word_1_216' title='bbox 581 2821 704 2886; x_wconf 82' lang='lat' dir='ltr'><strong>externi</strong></span> <span class='ocrx_word' id='word_1_217' title='bbox 736 2821 837 2886; x_wconf 90' lang='lat' dir='ltr'><strong>moris</strong></span> <span class='ocrx_word' id='word_1_218' title='bbox 869 2821 1077 2905; x_wconf 79' lang='lat' dir='ltr'><strong>obsequeris?</strong></span> <span class='ocrx_word' id='word_1_219' title='bbox 1116 2821 1226 2886; x_wconf 85' lang='lat' dir='ltr'><strong>Milites</strong></span> 
     </span>
     <span class='ocr_line' id='line_1_30' title="bbox 232 2908 1226 2995; baseline -0.005 -21"><span class='ocrx_word' id='word_1_220' title='bbox 232 2910 295 2994; x_wconf 84' lang='lat' dir='ltr'><strong>tui,</strong></span> <span class='ocrx_word' id='word_1_221' title='bbox 319 2909 403 2974; x_wconf 89' lang='lat' dir='ltr'><strong>cives</strong></span> <span class='ocrx_word' id='word_1_222' title='bbox 426 2911 484 2994; x_wconf 88' lang='lat' dir='ltr'><strong>tui,</strong></span> <span class='ocrx_word' id='word_1_223' title='bbox 505 2911 670 2995; x_wconf 86' lang='lat' dir='ltr'><strong>incognita</strong></span> <span class='ocrx_word' id='word_1_224' title='bbox 692 2931 789 2975; x_wconf 87' lang='lat' dir='ltr'><strong>causa</strong></span> <span class='ocrx_word' id='word_1_225' title='bbox 807 2909 944 2992; x_wconf 85' lang='lat' dir='ltr'><strong>captivis</strong></span> <span class='ocrx_word' id='word_1_226' title='bbox 962 2910 1030 2974; x_wconf 88' lang='lat' dir='ltr'><strong>suis</strong></span> <span class='ocrx_word' id='word_1_227' title='bbox 1048 2908 1226 2975; x_wconf 85' lang='lat' dir='ltr'><strong>ducentibus</strong></span> 
     </span>
     <span class='ocr_line' id='line_1_31' title="bbox 232 2996 1228 3082; baseline -0.003 -19"><span class='ocrx_word' id='word_1_228' title='bbox 232 2999 406 3064; x_wconf 89' lang='lat' dir='ltr'><strong>trahantur</strong></span> <span class='ocrx_word' id='word_1_229' title='bbox 433 2999 473 3064; x_wconf 85' lang='lat' dir='ltr'><strong>ad</strong></span> <span class='ocrx_word' id='word_1_230' title='bbox 505 3021 651 3082; x_wconf 88' lang='lat' dir='ltr'><strong>poenam.</strong></span> <span class='ocrx_word' id='word_1_231' title='bbox 701 2996 736 3063; x_wconf 89' lang='lat' dir='ltr'><strong>Si</strong></span> <span class='ocrx_word' id='word_1_232' title='bbox 762 3001 900 3063; x_wconf 90' lang='lat' dir='ltr'><strong>mortem</strong></span> <span class='ocrx_word' id='word_1_233' title='bbox 926 2998 1083 3063; x_wconf 86' lang='lat' dir='ltr'><strong>meruisse</strong></span> <span class='ocrx_word' id='word_1_234' title='bbox 1107 2997 1228 3076; x_wconf 86' lang='lat' dir='ltr'><strong>iudicas,</strong></span> 
     </span>
     <span class='ocr_line' id='line_1_32' title="bbox 198 3082 1228 3171; baseline -0.005 -21"><span class='ocrx_word' id='word_1_235' title='bbox 198 3089 348 3153; x_wconf 76' lang='lat' dir='ltr'><strong>asaltem</strong></span> <span class='ocrx_word' id='word_1_236' title='bbox 380 3086 546 3152; x_wconf 89' lang='lat' dir='ltr'><strong>ministros</strong></span> <span class='ocrx_word' id='word_1_237' title='bbox 578 3087 730 3171; x_wconf 89' lang='lat' dir='ltr'><strong>supplicii</strong></span> <span class='ocrx_word' id='word_1_238' title='bbox 760 3084 870 3150; x_wconf 68' lang='lat' dir='ltr'><strong>muta?</strong></span> <span class='ocrx_word' id='word_1_239' title='bbox 919 3086 1034 3151; x_wconf 88' lang='lat' dir='ltr'><strong>Amico</strong></span> <span class='ocrx_word' id='word_1_240' title='bbox 1063 3088 1181 3171; x_wconf 85' lang='lat' dir='ltr'><strong>animo,</strong></span> <span class='ocrx_word' id='word_1_241' title='bbox 1205 3082 1228 3147; x_wconf 86' lang='lat' dir='ltr'><strong>si</strong></span> 
     </span>
    </p>

    <p class='ocr_par' dir='ltr' id='par_1_9' title="bbox 233 3174 1278 3260">
     <span class='ocr_line' id='line_1_33' title="bbox 233 3174 1278 3260; baseline -0.004 -20"><span class='ocrx_word' id='word_1_242' title='bbox 233 3177 302 3241; x_wconf 83' lang='lat' dir='ltr'><strong>veri</strong></span> <span class='ocrx_word' id='word_1_243' title='bbox 328 3175 455 3260; x_wconf 88' lang='lat' dir='ltr'><strong>patiens</strong></span> <span class='ocrx_word' id='word_1_244' title='bbox 482 3174 611 3260; x_wconf 79' lang='lat' dir='ltr'><strong>fuisset,</strong></span> <span class='ocrx_word' id='word_1_245' title='bbox 637 3174 883 3259; x_wconf 88' lang='lat' dir='ltr'><strong>admonebatur,</strong></span> <span class='ocrx_word' id='word_1_246' title='bbox 911 3174 1023 3239; x_wconf 85' lang='lat' dir='ltr'><strong>sedin</strong></span> <span class='ocrx_word' id='word_1_247' title='bbox 1044 3177 1166 3240; x_wconf 82' lang='lat' dir='ltr'><strong>rabiem</strong></span> <span class='ocrx_word' id='word_1_248' title='bbox 1187 3174 1229 3238; x_wconf 90' lang='lat' dir='ltr'><strong>ira</strong></span> <span class='ocrx_word' id='word_1_249' title='bbox 1277 3187 1278 3190; x_wconf 74' lang='grc'>’</span> 
     </span>
    </p>

    <p class='ocr_par' dir='ltr' id='par_1_10' title="bbox 199 3261 1278 3700">
     <span class='ocr_line' id='line_1_34' title="bbox 233 3261 1278 3348; baseline -0.005 -20"><span class='ocrx_word' id='word_1_250' title='bbox 233 3266 434 3345; x_wconf 83' lang='lat' dir='ltr'><strong>pervenerat.</strong></span> <span class='ocrx_word' id='word_1_251' title='bbox 477 3261 590 3347; x_wconf 88' lang='lat' dir='ltr'><strong>Itaque</strong></span> <span class='ocrx_word' id='word_1_252' title='bbox 612 3285 722 3328; x_wconf 87' lang='lat' dir='ltr'><strong>rursus</strong></span> <span class='ocrx_word' id='word_1_253' title='bbox 748 3299 789 3310; x_wconf 94' lang='lat'>—</span> <span class='ocrx_word' id='word_1_254' title='bbox 812 3283 888 3326; x_wconf 90' lang='lat' dir='ltr'><strong>nam</strong></span> <span class='ocrx_word' id='word_1_255' title='bbox 910 3285 1098 3348; x_wconf 88' lang='lat' dir='ltr'><strong>parumper,</strong></span> <span class='ocrx_word' id='word_1_256' title='bbox 1124 3262 1228 3347; x_wconf 88' lang='lat' dir='ltr'><strong>quibus</strong></span> <span class='ocrx_word' id='word_1_257' title='bbox 1277 3269 1278 3300; x_wconf 65' lang='lat'>³</span> 
     </span>
     <span class='ocr_line' id='line_1_35' title="bbox 232 3351 1229 3436; baseline -0.003 -21"><span class='ocrx_word' id='word_1_258' title='bbox 232 3352 426 3435; x_wconf 87' lang='lat' dir='ltr'><strong>imperatum</strong></span> <span class='ocrx_word' id='word_1_259' title='bbox 463 3353 546 3434; x_wconf 86' lang='lat' dir='ltr'><strong>erat,</strong></span> <span class='ocrx_word' id='word_1_260' title='bbox 582 3351 809 3417; x_wconf 84' lang='lat' dir='ltr'><strong>dubitaverant</strong></span> <span class='ocrx_word' id='word_1_261' title='bbox 835 3386 873 3398; x_wconf 89' lang='lat'><em>-</em></span> <span class='ocrx_word' id='word_1_262' title='bbox 899 3352 1003 3436; x_wconf 84' lang='lat' dir='ltr'><strong>mergi</strong></span> <span class='ocrx_word' id='word_1_263' title='bbox 1038 3353 1074 3416; x_wconf 91' lang='lat' dir='ltr'><strong>in</strong></span> <span class='ocrx_word' id='word_1_264' title='bbox 1106 3370 1229 3430; x_wconf 82' lang='lat' dir='ltr'><strong>amnem,</strong></span> 
     </span>
     <span class='ocr_line' id='line_1_36' title="bbox 199 3438 1230 3526; baseline -0.001 -24"><span class='ocrx_word' id='word_1_265' title='bbox 199 3454 214 3502; x_wconf 79' lang='lat' dir='ltr'><strong>a</strong></span> <span class='ocrx_word' id='word_1_266' title='bbox 235 3441 318 3506; x_wconf 90' lang='lat' dir='ltr'><strong>sicut</strong></span> <span class='ocrx_word' id='word_1_267' title='bbox 338 3441 445 3507; x_wconf 82' lang='lat' dir='ltr'><strong>vincti.</strong></span> <span class='ocrx_word' id='word_1_268' title='bbox 463 3443 568 3523; x_wconf 86' lang='lat' dir='ltr'><strong>erant,</strong></span> <span class='ocrx_word' id='word_1_269' title='bbox 591 3439 695 3505; x_wconf 88' lang='lat' dir='ltr'><strong>iussit.</strong></span> <span class='ocrx_word' id='word_1_270' title='bbox 730 3438 799 3504; x_wconf 91' lang='lat' dir='ltr'><strong>Nec</strong></span> <span class='ocrx_word' id='word_1_271' title='bbox 820 3439 882 3504; x_wconf 90' lang='lat' dir='ltr'><strong>hoc</strong></span> <span class='ocrx_word' id='word_1_272' title='bbox 899 3440 1030 3524; x_wconf 91' lang='lat' dir='ltr'><strong>quidem</strong></span> <span class='ocrx_word' id='word_1_273' title='bbox 1048 3439 1230 3526; x_wconf 88' lang='lat' dir='ltr'><strong>supplicium</strong></span> 
     </span>
     <span class='ocr_line' id='line_1_37' title="bbox 235 3527 1229 3612; baseline -0.007 -18"><span class='ocrx_word' id='word_1_274' title='bbox 235 3527 425 3594; x_wconf 91' lang='lat' dir='ltr'><strong>seditionem</strong></span> <span class='ocrx_word' id='word_1_275' title='bbox 453 3529 594 3593; x_wconf 88' lang='lat' dir='ltr'><strong>militum</strong></span> <span class='ocrx_word' id='word_1_276' title='bbox 621 3528 732 3592; x_wconf 89' lang='lat' dir='ltr'><strong>movit.</strong></span> <span class='ocrx_word' id='word_1_277' title='bbox 780 3527 927 3612; x_wconf 90' lang='lat' dir='ltr'><strong>Namque</strong></span> <span class='ocrx_word' id='word_1_278' title='bbox 955 3529 1121 3612; x_wconf 88' lang='lat' dir='ltr'><strong>copiarum</strong></span> <span class='ocrx_word' id='word_1_279' title='bbox 1144 3528 1229 3593; x_wconf 88' lang='lat' dir='ltr'><strong>duces</strong></span> 
     </span>
     <span class='ocr_line' id='line_1_38' title="bbox 236 3611 1230 3700; baseline -0.002 -21"><span class='ocrx_word' id='word_1_280' title='bbox 236 3619 330 3698; x_wconf 83' lang='lat' dir='ltr'><strong>atque</strong></span> <span class='ocrx_word' id='word_1_281' title='bbox 358 3617 478 3679; x_wconf 88' lang='lat' dir='ltr'><strong>amicos</strong></span> <span class='ocrx_word' id='word_1_282' title='bbox 507 3616 575 3679; x_wconf 89' lang='lat' dir='ltr'><strong>eius</strong></span> <span class='ocrx_word' id='word_1_283' title='bbox 602 3615 762 3698; x_wconf 89' lang='lat' dir='ltr'><strong>manipuli</strong></span> <span class='ocrx_word' id='word_1_284' title='bbox 794 3616 927 3699; x_wconf 86' lang='lat' dir='ltr'><strong>adeunt,</strong></span> <span class='ocrx_word' id='word_1_285' title='bbox 955 3621 1115 3700; x_wconf 85' lang='lat' dir='ltr'><strong>petentes,</strong></span> <span class='ocrx_word' id='word_1_286' title='bbox 1141 3611 1230 3697; x_wconf 88' lang='lat' dir='ltr'><strong>ut,si</strong></span> 
     </span>
    </p>
   </div>
   <div class='ocr_carea' id='block_1_7' title="bbox 0 0 1309 4094">
    <p class='ocr_par' dir='ltr' id='par_1_11' title="bbox 0 0 1309 4094">
     <span class='ocr_line' id='line_1_39' title="bbox 0 0 1309 4094; baseline 0 0"><span class='ocrx_word' id='word_1_287' title='bbox 0 0 1309 4094; x_wconf 95' lang='lat' dir='ltr'><strong> </strong></span> 
     </span>
    </p>
   </div>
  </div>
 </body>
</html>
