2582 4098
244 216 495 272 fflsroumltum
513 217 726 272 ALEXANDRI
742 217 781 288 v,
802 224 842 273 m.
863 225 904 274 13.
1024 220 1085 283 109

71 362 206 427 Dareus
228 362 315 426 haud
341 362 466 446 procul,
493 359 664 425 destitutus
691 383 711 427 a
734 362 799 427 suis
822 366 879 427 aut
901 384 1087 446 oppressus:

72 452 114 518 in
143 451 199 515 illo
223 471 354 534 corpore
376 450 483 534 posits
505 452 554 513 est
575 453 689 515 nostra
709 450 844 515 victoria
866 454 899 514 et
921 454 1013 514 tanta
1035 473 1086 516 res

73 539 254 604 celeritatis
277 541 326 603 est
347 535 548 622 praemium'
593 535 711 602 Omnes
734 539 853 622 pariter
875 538 1120 622 conclamanta

73 630 212 712 paratos
239 627 327 710 ipsos
351 626 456 710 sequi:
482 646 542 690 nee
564 625 668 691 labori
689 647 749 692 nec
770 627 911 711 periculo
933 631 1086 711 parceret.

74 713 187 800 Igitur
208 714 326 798 raptim
349 734 465 798 agmen
485 735 594 779 cursus
613 715 716 800 magis
735 737 832 799 quam
848 714 973 779 itineris
991 715 1085 780 modo

76 803 173 867 ducit
192 824 234 867 ne
254 805 412 866 nocturna
434 801 560 886 quidem
583 802 688 886 quiete
711 803 859 867 diurnum
878 803 1021 868 laborem
1038 825 1086 867 re·

75 892 219 955 laxante.
254 889 367 973 Itaque
390 907 414 954 n
433 889 536 953 stadia
558 890 722 975 processit,
743 893 995 975 perventumque
1018 894 1120 958 erate

76 979 115 1043 in
138 979 252 1060 vicum,
273 978 309 1041 in
332 999 395 1063 quo
413 976 554 1042 Dareum
576 976 694 1042 Bessus
717 979 999 1063 conprehenderat
1035 978 1121 1046 Ibir

77 1065 205 1151 Melon,
231 1065 329 1130 Darei
350 1066 521 1151 interpres,
548 1066 716 1150 excipitur:
748 1087 881 1150 corpore
904 1087 999 1151 aeger
1020 1089 1087 1132 non

77 1156 233 1239 potuerat
253 1174 370 1238 agmen
388 1154 520 1238 adsequi
538 1157 570 1218 et
589 1153 803 1237 deprehensus
823 1154 983 1218 celeritate
1001 1155 1086 1240 regis

78 1242 285 1327 transfugam
308 1263 342 1306 se
365 1263 434 1306 esse
457 1241 637 1307 simulabat.
672 1241 723 1306 Ex
742 1242 804 1306 hoc
823 1245 895 1306 acta
913 1243 1088 1327 cognoscit

80 1328 146 1395 Sed
178 1329 322 1415 fatigatis
352 1330 531 1394 necessaria
562 1330 650 1414 quies
683 1333 759 1394 erat.
811 1329 924 1413 Itaque
955 1330 1121 1399 delectisss

80 1418 294 1570 apstuli-vll
315 1418 445 1570 milillrlqs
468 1435 543 1519 ccc,
572 1440 652 1503 quos
681 1417 849 1570 dimacrqus,
872 1418 1087 1570 appellqebant,

81 1527 412 1745 eqnllgipshebillfur:
449 1526 599 1659 ogdirilib:
622 1528 776 1679 lllllqil
803 1526 1087 1678 ploddeietlepbdld

82 1703 158 1746 ems
181 1703 265 1746 acres
287 1702 364 1747 era.

21 1773 70 1840 36
170 1768 259 1834 Haec
282 1773 432 1856 agentem
453 1768 671 1834 Menandrum
693 1769 812 1835 adeunt
832 1767 954 1834 Orsilos
977 1772 1011 1832 et
1027 1767 1121 1836 Meo

80 1858 264 1922 thracones:
293 1857 385 1923 Bessi
406 1857 611 1942 parricidium
633 1858 721 1922 exosi
742 1858 984 1942 transfugerant
1005 1876 1086 1921 nun·

82 1944 272 2030 tiabantque
295 1945 399 2010 stadia
421 1963 445 2009 n
474 1946 585 2010 abesse
607 1944 735 2028 Persas,
765 1945 854 2028 ipsos
877 1945 1003 2009 brevius
1025 1945 1088 2008 iter

82 2037 325 2098 monstraturos.
361 2031 479 2098 Gratus
498 2033 567 2118 regi
584 2033 741 2097 adventus
758 2033 1000 2118 transfugarum
1017 2032 1087 2096 fuit.
1108 2053 1140 2101 10

82 2121 195 2204 Itaque
231 2121 335 2206 prima
370 2142 504 2204 vespera
539 2121 672 2186 ducibus
705 2121 806 2185 isdem
837 2142 910 2185 cum
941 2121 1089 2204 expedita

82 2211 227 2294 equitum
253 2231 351 2274 manu
377 2212 589 2274 monstratam
611 2211 697 2273 riam
718 2208 897 2294 ingreditur
918 2207 1089 2294 phalange,

84 2301 240 2382 quantum
260 2297 414 2362 festinare
436 2300 558 2380 posset,
583 2297 674 2382 sequi
694 2297 791 2362 iussa
835 2296 909 2380 Ipse
932 2297 1087 2380 quadrato

84 2386 211 2470 agmine
241 2385 390 2452 incedens
420 2386 467 2450 ita
498 2407 626 2450 cursum
651 2386 797 2470 regebat,
828 2389 865 2449 ut
891 2384 987 2467 primi
1014 2406 1087 2449 con-

82 2473 175 2558 iungi
202 2474 323 2539 ultimis
349 2476 489 2558 possent.
534 2490 596 2539 ccc
623 2473 726 2537 stadia
752 2474 986 2557 processerant,
1016 2493 1089 2535 cum
1108 2491 1139 2538 11

84 2561 223 2626 occurrit
247 2561 480 2645 Brochubelus,
509 2559 632 2625 Mazaei
660 2561 757 2643 filius,
789 2558 900 2643 Syriae
927 2558 1088 2642 quondam

83 2653 222 2733 praetor.
257 2648 289 2714 Is
309 2670 435 2734 quoque
452 2648 622 2734 transfuga
638 2648 821 2714 nuntiabat:
842 2645 988 2710 ‘Bessum
1001 2645 1088 2710 haud

85 2738 221 2821 amplius
253 2759 350 2822 quarn
381 2754 422 2803 cc
449 2737 552 2801 stadia
581 2737 699 2800 abesse.
747 2733 945 2817 Exercitum,
976 2737 1088 2818 utpote

83 2827 137 2907 qut
169 2825 250 2890 aaa
284 2828 500 2910 praecaveret,
535 2824 774 2908 inconpositum
808 2821 1088 2906 inordinatumque

83 2913 263 2997 procedere.
307 2912 507 2996 Hyrcaniam
532 2913 633 2976 rideri
656 2911 821 2996 petituros.
866 2908 900 2975 Si
922 2910 1090 2975 festinaret

85 3001 174 3086 sequi
192 3001 350 3084 palantes,
372 3002 646 3085 superventurum.
681 2997 822 3062 Dareum
841 2999 944 3063 adhuc
961 2997 1088 3063 rivere?

86 3086 222 3154 Strenuo
258 3088 401 3174 alioquin
437 3088 644 3172 cupiditatem
677 3087 892 3172 consequendi
920 3087 1140 3172 transfugam

84 3178 245 3242 iniecerat.
273 3176 386 3261 Itaque
409 3176 586 3241 calcaribus
609 3175 743 3240 subditis
767 3175 866 3240 effuso
890 3196 985 3240 cursu
1003 3178 1089 3238 eunt.

85 3264 216 3349 Iamque
240 3264 387 3330 fremitus
413 3264 555 3329 hostium
582 3264 643 3327 iter
668 3262 916 3349 ingredientium
943 3263 1088 3327 exaudie-

85 3353 188 3437 batur,
210 3352 266 3418 sed
287 3356 492 3438 prospectum
515 3352 677 3416 ademerat
698 3352 836 3434 pulveris
858 3351 970 3416 nubes.
1005 3348 1087 3415 Pau·
1108 3370 1140 3418 13

84 3440 181 3525 lisper
208 3460 285 3526 ergo
312 3441 453 3505 inhibuit
479 3461 621 3524 cursum,
653 3439 753 3505 donec
774 3438 953 3505 consideret
974 3439 1088 3522 pulvis.

85 3528 215 3615 Iamque
234 3530 397 3613 conspecti
415 3551 435 3593 a
452 3528 597 3593 barbaris
615 3532 707 3593 erant
724 3531 757 3592 et
773 3526 959 3591 abeuntium
973 3547 1089 3610 agmen

85 3621 325 3703 conspexerant,
348 3638 550 3703 nequaquam
567 3616 666 3680 futuri
684 3636 786 3700 pares,
806 3615 834 3679 si
847 3613 946 3679 Besso
960 3617 1088 3677 tantum
