2600 4096
201 225 264 287 140
569 222 600 285 Q.
620 221 728 274 CURTl
746 220 830 274 rtur]

199 366 335 433 scientia
361 364 490 430 sceleris
522 365 588 428 sive
619 363 752 448 periculi
781 362 1002 448 magnitudine
1030 385 1137 430 amens
1160 366 1197 429 ct

199 456 369 539 attonitus,
394 475 461 520 non
488 451 636 517 attollere
663 452 787 535 oculos,
814 473 881 516 non
907 451 1031 517 hiscere
1054 453 1197 518 audebat.

146 565 179 614 33
197 543 352 610 Lacrimis
375 542 488 606 deinde
511 540 715 605 manantibus
742 540 906 624 linquente
929 541 1038 605 animo
1062 541 1096 606 in
1118 563 1199 624 eum,

199 654 218 697 a
241 653 304 716 quo
327 630 511 711 tenebatur,
540 628 699 693 incubuit:
732 628 948 712 abstersisque
971 629 1110 694 amiculo
1131 629 1197 694 eius

199 721 300 785 oculis
323 718 481 801 paulatim
503 717 657 800 recipiens
681 716 832 799 spiritum
859 737 897 782 ac
919 737 1031 781 vocem
1058 717 1198 783 dicturus

146 808 375 878 occidebatur.
429 804 561 888 Iamque
596 825 652 869 rex
687 805 816 869 intuens
852 826 938 888 eum,
974 804 1202 889 ‘Macedonea’,

198 896 317 980 inquit,
340 893 390 958 ‘de
417 897 451 958 te
473 893 644 958 iudicaturi
668 896 756 957 aunt:
782 914 914 976 quaero,
942 915 984 957 an
1007 895 1113 977 patrio
1136 916 1201 958 ser·

146 1003 181 1054 35
199 1005 293 1049 mone
322 981 367 1046 sis
395 981 479 1065 apud
502 1003 558 1046 eos
585 980 722 1046 usurus'.
767 980 850 1045 Tum
872 981 1032 1064 Philotas,
1060 981 1202 1046 ‘Praeter

199 1068 413 1155 Macedonas’,
450 1069 567 1153 inquit,
603 1069 759 1153 ‘plerique
791 1069 921 1151 adsunt,
955 1091 1035 1154 quos
1068 1071 1203 1154 facilius,

200 1181 281 1245 quae
295 1159 408 1242 dicam,
426 1161 632 1242 percepturos
647 1158 795 1240 arbitror,
814 1158 843 1222 si
862 1158 972 1222 eadem
985 1159 1099 1242 lingua
1112 1159 1204 1223 fuero

199 1269 290 1330 usus,
320 1269 383 1331 qua
409 1250 446 1311 tu
472 1247 583 1329 egisti,
610 1267 676 1310 non
703 1247 744 1311 ob
771 1245 872 1329 aliud,
900 1247 1006 1330 ereda,
1039 1269 1136 1330 quam
1166 1251 1205 1311 ut

147 1358 181 1408 as
200 1336 303 1401 oratio
335 1338 392 1400 tua
422 1334 569 1418 intellegi
604 1337 715 1418 posset
746 1356 765 1398 a
795 1334 965 1417 pluribus'.
1017 1334 1102 1399 Tum
1138 1357 1205 1419 rex,

200 1423 334 1508 ‘Ecquid
360 1423 476 1488 videtis
503 1423 582 1486 adeo
611 1423 707 1486 etiam
739 1423 895 1486 sermonis
924 1423 1024 1507 patrii
1049 1422 1205 1488 Philotan

199 1510 350 1578 taedere?
374 1511 462 1576 solus
479 1510 597 1594 quippe
618 1509 758 1574 fastidiit
776 1531 849 1574 eum
871 1509 1001 1576 discere.
1038 1508 1100 1575 Sed
1119 1513 1208 1577 dieat

200 1622 290 1684 sane,
313 1603 483 1682 utcumque
507 1597 537 1661 ei
559 1599 648 1662 cordi
670 1602 733 1682 est,
754 1599 831 1663 dum
855 1601 1081 1683 memineritis,
1104 1623 1208 1684 aeque

199 1691 291 1754 illum
323 1711 342 1752 a
372 1691 485 1751 nostro
520 1707 610 1750 more
646 1709 742 1770 quam
778 1707 798 1750 a
829 1709 974 1752 sermone
1010 1688 1207 1754 abhorrere'.

200 1779 308 1861 Atque
330 1777 377 1840 ita
399 1775 549 1840 contione
572 1775 718 1841 excessit.

631 1931 710 1998 Car.
732 1933 771 1999 X.

167 2062 182 2111 1
287 2039 371 2103 Tum
387 2039 550 2123 Philotas,
569 2038 710 2122 ‘Verba’,
731 2040 849 2123 inquit,
872 2038 1046 2106 ‘innocenti
1064 2041 1209 2124 reperire
1219 2037 1256 2104 37

200 2128 295 2193 facile
322 2131 384 2206 est,
414 2128 544 2191 modum
575 2129 746 2193 verborum
776 2129 893 2193 misero
924 2132 1034 2193 tenere
1066 2129 1209 2194 difficile.

165 2216 314 2298 altaque
345 2215 429 2279 inter
461 2217 616 2298 optimam
648 2216 876 2280 conscientiam
906 2221 939 2282 et
967 2216 1207 2299 iniquissimam
1298 2227 1299 2232 ’

201 2304 366 2369 fortunam
393 2302 567 2367 destitutus
594 2304 722 2388 ignoro,
750 2304 909 2388 quomodo
938 2308 971 2369 et
997 2304 1105 2370 animo
1132 2327 1209 2371 meo

166 2397 235 2463 aet
263 2389 403 2474 tempori
433 2412 572 2474 paream.
620 2391 725 2456 Abest
756 2392 885 2475 quidem
917 2394 1058 2475 optimus
1090 2413 1210 2460 causae

201 2501 291 2546 meaa
318 2479 427 2544 iudex:
459 2479 513 2562 qui
544 2500 600 2543 cur
631 2501 682 2544 me
714 2481 783 2563 ipse
814 2481 925 2545 audire
955 2481 1109 2566 noluerit,
1138 2503 1207 2546 non

201 2569 383 2636 mehercule
411 2567 572 2651 excogito,
600 2589 672 2632 cum
696 2569 746 2632 illi
769 2569 931 2653 utrimque
955 2569 1087 2652 cognita
1109 2590 1208 2634 causa
1297 2577 1298 2596 ¹

200 2664 270 2724 tam
293 2658 444 2722 damnare
466 2678 517 2720 me
540 2655 647 2739 liceat,
669 2677 765 2739 quam
786 2657 965 2722 absolvere:
987 2679 1052 2721 non
1075 2658 1208 2742 cognita

201 2768 276 2811 vero
295 2746 426 2810 liberari
447 2745 486 2810 ab
508 2745 642 2809 absente
662 2765 728 2808 non
750 2765 894 2828 possum,
917 2745 972 2828 qui
995 2767 1014 2809 a
1036 2750 1208 2829 praesente

165 2835 371 2902 adamnatus
399 2855 479 2898 sum.
528 2831 589 2898 Sed
618 2854 812 2916 quamquam
837 2833 938 2897 uincti
968 2832 1109 2898 hominis
1138 2855 1208 2898 non
1296 2883 1297 2892 ,

202 2942 398 3005 supervacua
420 2923 538 3005 solum,
568 2921 623 2985 sed
651 2921 749 2985 etiam
771 2920 876 2984 invisa
898 2921 1041 2986 defensio
1065 2926 1126 3005 eat,
1150 2923 1208 3006 qui

201 3009 337 3075 iudicem
353 3030 418 3073 non
432 3009 545 3074 docere
559 3009 694 3090 videtur,
712 3009 768 3073 sed
782 3029 928 3093 arguere:
946 3012 1066 3093 tamen,
1082 3014 1209 3074 utcum-

202 3119 263 3182 que
281 3097 357 3161 licet
374 3117 424 3161 ma
443 3097 557 3181 dicere,
575 3101 694 3162 memet
710 3097 779 3179 ipse
798 3119 863 3162 non
881 3097 1027 3162 deseram
1044 3118 1103 3162 neo
1121 3118 1210 3162 com·

166 3205 183 3255 o
202 3187 340 3262 mittam,
353 3187 389 3249 ut
403 3184 572 3249 damnatus
587 3187 687 3250 etiam
700 3207 773 3250 mea
787 3186 947 3250 sententia
959 3186 1077 3250 videar.
1107 3184 1209 3270 Equi·
1295 3231 1296 3264 2

202 3274 282 3357 dem,
297 3273 387 3339 cuius
401 3272 544 3337 criminis
557 3294 631 3338 reus
646 3274 717 3356 sim,
730 3295 795 3338 non
807 3273 912 3338 video:
925 3274 1010 3338 inter
1023 3274 1209 3339 coniuratos
1295 3275 1296 3280 ’

201 3383 295 3427 nemo
314 3383 365 3426 me
383 3361 543 3444 nominat,
567 3361 605 3425 de
624 3383 675 3425 me
693 3359 909 3426 Nicomachus
927 3361 1010 3426 nihil
1032 3362 1125 3443 dixit,
1147 3359 1208 3427 Oe·

167 3450 330 3520 obalinus
352 3450 439 3533 plus,
461 3470 558 3532 quam
582 3450 738 3533 audierat,
761 3450 843 3514 scire
860 3470 926 3514 non
948 3451 1065 3533 potuit.
1105 3450 1210 3532 Atqui

202 3538 432 3604 coniurationis
451 3540 548 3620 caput
570 3558 622 3602 me
644 3537 744 3602 fuisse
766 3538 868 3603 eredit
888 3538 958 3602 rexi
993 3537 1106 3603 Potuit
1128 3557 1209 3620 ergo

201 3626 348 3712 Dymnus
369 3649 440 3692 eum
461 3625 651 3711 praeterire,
674 3648 767 3711 quem
786 3626 994 3712 sequebatur,
1016 3625 1208 3711 praesertim
