2552 4108
208 202 228 264 8
555 199 587 265 Q.
608 195 717 254 CURTI
734 198 821 253 RUFI

155 366 189 416 aa
209 345 308 410 colori
330 347 428 427 veste,
451 343 506 408 sed
519 343 605 408 ferro
620 347 715 427 atque
730 364 801 408 aere
815 342 1026 428 fulgentibus:
1050 363 1176 428 agmen
1190 347 1225 409 et

208 435 292 498 stare
318 436 466 519 paratum
494 435 526 496 et
553 432 655 515 sequi,
687 453 746 496 nec
768 431 864 496 turba
884 452 944 495 nec
966 431 1101 495 sarcinis
1124 455 1223 515 prae-

207 542 312 607 grave,
335 522 495 584 intentum
513 519 553 583 ad
572 519 660 584 ducis
678 541 745 584 non
764 520 892 604 signum
913 519 1022 603 modo,
1045 519 1224 584 sedetiam
1264 525 1265 586 l

207 614 330 675 nutum.
372 607 417 671 Et
439 606 553 672 castris
576 606 666 672 locus
694 611 727 672 et
749 607 901 672 exercitui
922 611 1118 672 commeatus
1142 631 1223 692 sup·
1264 587 1265 634 ¹

155 718 189 769 as
207 698 368 782 petebant.
413 694 502 780 Ergo
525 694 709 760 Alexandro
737 695 774 760 in
802 695 869 759 acie
891 695 982 759 miles
1004 717 1072 760 non
1099 696 1225 762 defuit:

208 783 344 866 Dareus,
375 785 485 847 tantae
512 783 725 849 multitudinis
753 805 822 867 rex,
851 783 926 866 loci,
947 783 982 846 in
1005 805 1068 868 quo
1090 805 1224 870 pugna-

206 873 270 953 vit,
302 871 460 955 angustiis
491 871 638 936 redactus
671 875 720 936 est
748 871 789 936 ad
816 871 1024 955 paucitatem,
1057 894 1159 957 quam
1188 874 1225 937 in

206 960 300 1024 hoste
323 963 567 1044 contempserat.

629 1116 706 1184 Cur.
729 1116 787 1184 IV.

174 1245 188 1295 1
295 1221 423 1288 Interea
445 1221 626 1288 Alexander
648 1223 856 1288 Abistamene
880 1220 1100 1307 Cappadociae
1124 1224 1250 1307 prae-9

207 1309 313 1394 posito
337 1309 481 1376 Ciliciam
507 1316 620 1396 petens
648 1333 721 1376 cum
748 1312 895 1376 omnibus
922 1311 1022 1395 copiis
1054 1312 1090 1375 tu
1112 1313 1222 1395 regio·

207 1419 294 1482 nem,
318 1421 398 1483 quae
422 1403 527 1465 eastra
550 1397 624 1484 Cyri
647 1400 835 1484 appellatur,
857 1401 1052 1483 pervenerat
1089 1396 1223 1464 Stativa

207 1486 273 1551 illic
295 1487 452 1552 habuerat
467 1485 577 1570 Cyrus,
600 1509 672 1552 cum
696 1488 846 1552 adversus
861 1486 1015 1552 Croesum
1033 1487 1068 1550 in
1080 1485 1222 1569 Lydiam
1265 1505 1266 1564 1

173 1574 344 1646 educeret.
376 1576 498 1641 Aberat
521 1596 558 1638 ea
575 1576 663 1659 regio
682 1575 916 1660 quinquaginta
935 1575 1039 1639 stadia
1057 1574 1098 1638 ab
1116 1576 1222 1659 aditu,
1265 1581 1266 1588 ³

209 1684 271 1747 quo
291 1662 435 1730 Ciliciam
458 1663 629 1727 intramus:
651 1661 747 1746 Pylas
767 1663 890 1728 incolae
909 1663 1018 1727 dicunt
1037 1663 1221 1728 artissimas
1265 1699 1266 1750 3

208 1751 330 1835 fauces,
353 1751 561 1835 munimenta,
584 1773 664 1834 quae
687 1773 784 1815 manu
806 1752 964 1835 ponimus,
986 1751 1126 1814 naturali
1152 1753 1221 1816 situ

173 1840 380 1910 simitantes.
423 1838 529 1924 Igitur
550 1837 716 1922 Arsames,
749 1840 804 1924 qui
826 1837 955 1904 Ciliciae
977 1842 1136 1922 praeerat,
1170 1863 1221 1904 re-

208 1930 338 2011 putans,
370 1928 446 2013 quid
472 1927 565 1993 initio
595 1929 670 1992 belli
696 1927 826 1992 Memno
855 1927 1021 2010 suasisset,
1054 1927 1221 2010 quondam

210 2013 336 2076 salubre
366 2016 532 2079 eonsilium
565 2037 635 2080 sero
667 2015 780 2098 exequi
808 2015 934 2078 statuit:
971 2014 1040 2098 igni
1066 2015 1220 2098 ferroque

210 2098 353 2166 Ciliciam
380 2104 500 2184 vastat,
527 2105 563 2165 ut
584 2103 671 2166 hosti
694 2102 898 2167 solitudinem
919 2102 1031 2166 faciat:
1062 2101 1220 2187 quidquid

209 2187 282 2252 usui
309 2189 520 2271 potestesse,
552 2189 727 2272 corrumpit
760 2190 866 2254 sterile
895 2211 931 2254 ae
958 2190 1078 2254 nudum
1101 2192 1220 2274 solum,

173 2275 295 2361 squod
317 2274 400 2339 tueri
422 2275 584 2359 nequibat,
606 2276 781 2343 relicturus.
820 2276 881 2342 Sed
903 2279 998 2363 longe
1020 2278 1130 2342 utilius
1152 2279 1221 2344 fuit

210 2363 376 2448 angustias
400 2363 517 2447 aditus,
544 2364 599 2447 qui
621 2361 766 2429 Ciliciam
788 2365 903 2449 aperit,
929 2365 1035 2431 valido
1059 2387 1219 2449 occupare

208 2451 367 2536 praesidio
394 2451 567 2536 iugumque
595 2456 773 2535 opportune
799 2453 907 2517 itineri
932 2454 1103 2518 imminens
1133 2453 1220 2519 obti-

209 2561 297 2624 nere,
328 2538 412 2604 unde
443 2540 565 2604 inultus
594 2541 782 2605 subeuntem
809 2541 937 2605 hostem
966 2545 1024 2606 aut
1044 2541 1220 2624 prohibere

175 2650 191 2700 s
211 2632 266 2692 aut
285 2628 461 2712 opprimere
479 2627 649 2712 potuisset:
672 2650 756 2693 nune
772 2629 891 2714 paucis,
910 2631 964 2713 qui
978 2629 1111 2694 callibus
1124 2651 1219 2712 prae·

211 2716 360 2800 siderent,
382 2717 501 2782 relictis
523 2718 608 2780 retro
631 2717 699 2800 ipse
722 2717 887 2800 concessit,
909 2718 1081 2800 populator
1102 2720 1220 2801 terrae,
1266 2755 1267 2802 2

211 2824 307 2888 quam
335 2826 354 2867 a
380 2804 641 2889 populationibus
667 2804 827 2869 vindicare
855 2804 999 2870 debebat.
1042 2804 1130 2889 Ergo
1162 2808 1220 2890 qui
1266 2831 1267 2856 i

214 2891 317 2956 relicti
343 2896 447 2976 erant,
478 2893 621 2978 proditos
649 2914 682 2957 se
709 2894 773 2956 rati
797 2913 838 2958 ne
861 2895 1065 2976 conspectum
1088 2893 1219 2976 quidem

210 2980 313 3045 hostis
343 2981 498 3044 sustinere
527 2982 709 3064 valuerunt,
740 3002 812 3044 cum
840 2981 892 3045 vel
916 2982 1082 3064 pauciores
1109 2981 1218 3046 locum

177 3068 355 3138 sobtinere
386 3069 575 3152 potuissent
623 3067 771 3152 Namque
802 3072 955 3153 perpetuo
986 3069 1062 3154 iugo
1095 3070 1217 3134 montis
1229 3067 1258 3134 10

212 3155 315 3240 asperi
334 3177 371 3220 ac
388 3155 551 3241 praerupti
567 3154 678 3221 Cilicia
695 3156 878 3220 includitur:
902 3156 987 3240 quod
1005 3178 1078 3221 cum
1096 3178 1116 3220 a
1134 3159 1217 3222 mari

212 3244 372 3329 adsurgat,
394 3245 482 3308 velut
504 3243 576 3307 sinu
595 3244 733 3327 quodam
747 3243 891 3328 flexuque
905 3247 1081 3326 curvatum,
1103 3266 1214 3310 rursus

177 3331 312 3402 :altero
335 3353 433 3397 cornu
455 3332 490 3395 in
512 3330 671 3395 diversum
692 3333 769 3396 litus
793 3332 938 3397 excurrit.
977 3331 1039 3396 Per
1060 3332 1122 3396 hoc
1145 3332 1215 3398 dor·

212 3442 295 3504 sum,
327 3441 389 3503 qua
419 3419 557 3484 maxime
586 3420 744 3484 introrsus
775 3420 857 3484 mari
888 3419 983 3502 aedit,
1015 3420 1120 3502 asperi
1148 3423 1214 3485 tres

212 3507 315 3572 aditus
340 3511 372 3571 et
393 3507 580 3593 perangusti
599 3511 681 3592 sunt,
704 3529 839 3591 quorum
857 3530 921 3572 uno
937 3505 1048 3572 Cilicia
1066 3507 1215 3573 intranda

176 3599 269 3666 aest.
305 3593 500 3679 Campestris
520 3596 638 3680 eadem,
662 3617 725 3680 qua
740 3596 844 3678 vergit
866 3596 907 3659 ad
929 3617 1026 3678 mare,
1047 3596 1214 3678 planitiem
