2602 4094
230 194 297 260 274
601 194 632 260 Q.
651 193 762 250 curm
778 193 864 248 RUFI

232 363 364 406 suorum
395 339 483 404 mala
514 336 705 424 Sisigambis
741 359 806 402 una
841 338 998 422 capiebat.
1041 337 1103 402 Illa
1135 361 1226 422 suam,

231 429 291 494 illa
314 430 460 514 neptium
483 428 587 492 ricem
609 426 716 492 flebat
764 425 890 491 Recens
913 426 1004 491 dolor
1027 428 1124 491 etiarn
1147 449 1225 511 prac-

231 519 331 582 terita
356 522 569 582 revocaverat
616 511 769 579 Crederes
796 514 891 580 modo
919 515 1072 580 amissum
1094 515 1226 580 Dareum

233 610 267 671 et
287 606 410 690 pariter
431 605 567 669 miserae
594 603 729 669 duorum
750 601 888 667 filiorum
913 603 1063 687 exequias
1087 626 1158 669 esse
1179 604 1226 668 du·

176 705 214 754 aa
233 695 359 760 cendas.
398 692 514 758 Flebat
536 691 633 756 simul
656 695 801 757 mortuos
823 692 987 775 vivosque.
1025 691 1128 767 Quem
1150 693 1227 756 euim

232 783 412 868 puellarum
435 785 581 846 acturum
603 801 673 845 esse
696 780 829 846 curam?
853 801 946 864 quem
971 779 1070 845 alium
1092 780 1228 846 futurum

232 869 476 936 Alexandrum?
503 869 620 933 iterum
643 890 712 934 esse
736 890 769 932 se
792 872 917 952 captas,
943 868 1061 933 iterum
1084 869 1228 934 excidisse

232 979 342 1044 regno.
387 956 449 1034 Qui
472 960 600 1022 mortuo
622 955 729 1022 Dareo
751 955 839 1040 ipsas
864 961 1022 1039 tueretur,
1048 959 1229 1041 repperisse,

234 1047 290 1131 qui
307 1050 382 1130 post
398 1045 617 1111 Alexandrum
634 1044 818 1129 respiceret,
835 1046 944 1128 utique
962 1066 1028 1110 non
1043 1050 1228 1130 reperturus.

180 1145 214 1194 23
234 1134 371 1200 Subibat
391 1134 475 1199 inter
496 1134 577 1199 haec
600 1133 756 1216 animum,
777 1151 872 1199 cxxx
894 1133 1012 1199 fratres
1033 1156 1110 1199 suos
1129 1135 1228 1200 eodem

234 1224 284 1288 die
309 1223 350 1288 ab
374 1222 477 1308 Ocho,
504 1222 691 1288 saevissimo
714 1243 841 1306 regum,
865 1221 1042 1287 trucidatos
1065 1223 1228 1288 adiectum·

234 1333 295 1397 que
318 1312 421 1397 stragi
442 1315 494 1376 tot
515 1310 656 1374 filiorum
673 1313 812 1393 patrem:
835 1332 852 1375 e
871 1314 996 1394 septem
1014 1310 1137 1395 liberis,
1159 1333 1228 1396 quos

233 1401 398 1487 genuisset
419 1399 503 1482 ipsa,
525 1420 623 1465 unum
646 1419 827 1482 superesse:
849 1398 957 1481 ipsum
979 1397 1125 1464 Dareum
1147 1401 1229 1464 floru-

180 1499 216 1548 24
233 1490 298 1555 isse
319 1489 496 1573 paulisper,
521 1491 559 1552 ut
581 1486 740 1553 crudelius
767 1491 877 1570 posset
900 1487 1054 1570 extingui.
1090 1488 1144 1554 Ad
1166 1487 1229 1552 ulti·

234 1599 320 1642 mum
348 1577 454 1643 dolori
481 1575 648 1641 succubuit
678 1575 896 1658 obvolutoque
925 1577 1029 1658 capite
1057 1575 1230 1642 accidentes

234 1666 368 1751 genibus
392 1666 457 1730 suis
479 1667 611 1749 neptem
628 1667 840 1747 nepotemque
859 1667 1006 1728 aversata
1024 1664 1097 1729 cibo
1116 1666 1230 1749 pariter

180 1764 215 1813 25
234 1754 391 1820 abstinuit
419 1757 453 1818 et
478 1753 557 1819 luce.
603 1751 736 1836 Quinto,
763 1754 936 1836 postquam
963 1753 1048 1817 mori
1070 1757 1231 1834 statuerat,

234 1843 285 1908 die
312 1844 453 1907 extincta
480 1846 538 1907 est.
582 1839 737 1925 Magnum
764 1841 907 1923 profecto
930 1840 1108 1906 Alexandri
1135 1841 1230 1906 indul·

234 1932 362 2016 gentiae
388 1931 422 1995 in
449 1952 520 1995 eam
546 1929 750 2012 iustitiaeque
777 1929 812 1992 in
835 1949 945 1993 omnes
969 1930 1115 2012 captivos
1148 1930 1231 1995 docu-

233 2024 378 2085 mentum
403 2022 453 2084 est
480 2039 565 2083 mors
589 2017 698 2099 huius,
729 2039 810 2101 quae
837 2038 910 2081 cum
933 2019 1144 2084 sustinuisset
1165 2024 1231 2102 post

182 2119 216 2168 ae
235 2106 375 2171 Dareum
398 2108 512 2185 vivere,
534 2105 717 2171 Alexandro
741 2127 811 2170 esse
835 2109 995 2188 superstes
1019 2107 1158 2172 erubuit
1193 2105 1231 2170 Et
1239 2101 1267 2166 18

233 2193 362 2260 hercule
380 2195 463 2259 iuste
483 2194 729 2259 aestimantibus
746 2213 855 2279 regem
874 2194 984 2278 liquet,
1002 2194 1089 2260 bona
1102 2200 1230 2260 naturae

182 2295 215 2344 27
235 2284 302 2348 eius
326 2283 437 2365 fuisse,
461 2282 542 2347 uitia
564 2283 616 2347 vel
637 2282 787 2347 fortunae
809 2281 860 2346 vel
883 2283 1009 2348 aetatis.
1053 2281 1116 2348 Vis
1139 2285 1230 2348 incre

234 2371 343 2436 dibilis
376 2371 488 2455 animi,
523 2371 644 2436 laboris
676 2370 834 2454 patientia
865 2370 1099 2455 propemodum
1129 2373 1231 2453 nimia,

232 2460 390 2526 fortitudo
421 2481 486 2524 non
511 2460 596 2524 inter
621 2480 714 2544 reges
740 2458 837 2524 modo
864 2460 1035 2537 excellens,
1068 2461 1126 2524 sed
1154 2462 1231 2525 inter

180 2560 215 2610 28
233 2550 308 2615 illos
329 2571 466 2634 quoque,
491 2570 626 2633 quorum
644 2548 725 2612 haec
743 2547 812 2611 sola
831 2546 934 2612 virtus
960 2547 1035 2629 fuit,
1059 2548 1231 2614 liberalitas

234 2659 329 2721 saepe
361 2639 485 2703 maiora
512 2636 699 2718 tribuentis,
732 2657 830 2720 quam
857 2636 948 2700 adis
977 2640 1146 2720 petuntur,
1177 2637 1230 2701 cle·

234 2727 355 2790 mentia
372 2727 406 2790 in
425 2726 567 2791 devictos
586 2761 628 2772 -
646 2729 698 2789 tot
715 2745 815 2809 regua
835 2727 892 2788 aut
909 2723 1041 2807 reddita,
1064 2727 1180 2809 quibus
1199 2746 1232 2788 ea

181 2825 214 2874 29
233 2813 415 2898 dempserat
432 2814 527 2896 bello,
550 2817 607 2878 aut
625 2813 708 2877 dono
727 2812 804 2876 data
817 2835 875 2876 -r
888 2813 1011 2894 mortis,
1029 2813 1119 2878 cuius
1133 2816 1231 2878 metus

234 2907 356 2968 ceteros
374 2903 550 2984 exanimat,
571 2904 729 2987 perpetua
747 2902 956 2985 contemptio,
976 2901 1100 2986 gloriae
1118 2901 1231 2966 laudis-

234 3013 295 3075 que
317 2993 355 3055 ut
376 2990 462 3056 iusto
484 2991 588 3072 maior
611 2989 740 3074 cupido,
767 2989 815 3053 ita
836 2989 870 3052 in
892 2988 1006 3054 iuvene
1025 2993 1058 3053 et
1079 2990 1114 3055 in
1136 2989 1232 3054 tantis

181 3091 216 3140 30
233 3102 292 3145 nec
314 3079 500 3145 admiranda
522 3079 631 3144 rebus:
663 3078 728 3142 iam
750 3079 854 3161 pietas
877 3098 955 3163 erga
976 3082 1139 3162 parentes,
1163 3099 1232 3161 quo·

233 3191 304 3234 rum
337 3166 529 3251 Olympiada
560 3167 799 3232 immortalitati
831 3187 1015 3230 consecrare
1043 3166 1232 3242 decreverat,

181 3267 214 3316 31
232 3255 420 3342 Philippum
455 3257 542 3321 ultus
580 3260 663 3340 erat,
698 3255 764 3320 iam
799 3253 834 3318 in
870 3275 980 3319 omnes
1016 3253 1084 3319 fere
1116 3255 1231 3319 amicos

233 3345 431 3430 benignitas,
464 3366 541 3429 erga
571 3345 692 3409 milites
721 3343 952 3426 benivolentia,
983 3343 1152 3408 consilium
1178 3363 1232 3426 par

233 3433 448 3519 magnitudini
472 3433 571 3498 animi
593 3438 640 3515 et,
662 3436 815 3517 quantam
838 3432 891 3494 vix
910 3434 1038 3514 poterat
1061 3435 1149 3496 aetas
1169 3431 1230 3495 eius

162 3533 214 3579 ..aa
235 3543 358 3604 capere,
390 3522 550 3587 sollertia:
578 3521 643 3584 iam
670 3521 783 3585 modus
810 3519 1054 3584 immodicarum
1082 3519 1231 3603 cupidita·

228 3614 312 3688 tum,
333 3607 467 3674 Veneris
495 3609 581 3672 intra
602 3607 749 3671 naturale
772 3607 964 3672 desiderium
987 3629 1063 3672 usus
1087 3629 1145 3673 nec
1168 3605 1229 3671 ulla
