2602 4094
197 208 262 274 258
568 208 600 273 Q,
619 208 729 264 CURTI
747 209 833 264 RUFI

198 376 375 439 numquam
398 353 484 420 enim
505 354 587 419 talia
604 374 753 437 ausuros,
778 353 832 437 qui
850 354 958 438 ipsum
978 376 1016 419 ex
1037 353 1131 420 India
1156 377 1207 422 so

199 444 316 527 spitem
343 446 400 509 aut
432 445 600 526 optassent
631 441 751 506 reverti
780 446 837 506 aut
864 441 1072 508 credidissent
1098 466 1205 509 rever-

162 541 180 590 8
199 553 317 596 surum.
352 531 459 616 Igitur
481 531 540 595 hos
563 531 691 615 quidem
714 530 830 613 vinxit,
855 546 903 596 Dc
926 535 1033 597 auteur
1056 530 1207 617 militum,

198 621 253 704 qui
274 620 430 686 saevitiae
458 640 568 684 eorum
595 619 737 684 ministri
763 618 904 702 fuerant,
935 620 1074 685 interfici
1101 621 1206 686 iussit

163 708 321 776 andem
352 708 402 772 die
435 711 598 791 sumptum
630 713 680 772 est
712 707 905 791 supplicium
934 706 972 772 de
999 708 1040 772 iis
1069 731 1207 794 quoque,

199 819 279 883 quos
287 799 446 949 Hauedms
464 795 837 950 ‹litefectiopikPerffirum
846 793 1003 949 tCrgterus
1019 797 1238 952 ξῖἰάωιετπ.2

145 897 181 946 10
320 906 361 949 au
410 906 466 949 mu
495 905 514 948 o
563 906 599 950 os
671 906 725 949 ear
766 905 845 949 use
911 905 1028 949 nesrcu
1044 908 1081 950 us
1144 909 1205 951 uos

198 973 327 1058 longius
350 973 386 1037 in
406 905 569 1038 Oceanudh
593 973 766 1057 procedere
788 973 938 1056 iusserat,
965 908 1205 1057 superrbnilunt.

146 1072 180 1122 11
198 1061 403 1126 Nuntiabant
423 1065 530 1126 autem
553 1061 709 1146 quaedam
732 1061 856 1143 audita,
879 1060 944 1126 alia
966 1066 1132 1144 conperta:
1156 1064 1207 1128 in·

199 1150 305 1214 sulam
333 1150 417 1214 ostio
447 1151 549 1214 amnis
578 1150 738 1214 obiectam
766 1170 843 1213 auro
871 1149 1048 1232 abundare,
1074 1151 1206 1234 inopem

200 1259 355 1323 equorum
383 1259 467 1304 esse:
503 1238 650 1322 singulos
682 1259 737 1302 eos
764 1241 978 1321 conpererant
1004 1238 1124 1322 abiis,
1149 1241 1207 1324 qui

200 1350 239 1393 ex
261 1327 440 1393 continenti
461 1327 597 1391 traicere
621 1327 788 1410 auderent,
818 1326 954 1410 singulis
976 1327 1108 1392 talentis
1132 1330 1207 1392 emi.

146 1427 180 1476 12
199 1416 334 1480 Plenum
357 1436 426 1480 esse
449 1415 618 1480 beluarum
640 1436 743 1479 mare:
778 1418 870 1478 aestu
893 1414 1031 1480 secundo
1054 1436 1107 1479 eas
1126 1416 1208 1480 ferri

200 1524 391 1589 magnarum
413 1504 544 1568 navium
567 1524 702 1586 corpora
725 1505 911 1586 aequantes,
933 1504 1019 1567 truci
1036 1507 1133 1568 cantu
1153 1505 1207 1569 de·

198 1594 330 1658 territus
362 1592 452 1675 sequi
484 1593 627 1674 classem,
654 1612 727 1656 cum
753 1611 871 1675 magno
895 1591 1041 1674 aequoris
1065 1593 1207 1675 strepitu

148 1695 180 1743 13
199 1684 289 1747 velut
315 1680 461 1746 demersa
487 1680 619 1764 navigia
646 1680 770 1744 subisse
798 1701 906 1762 aquas.
946 1677 1062 1744 Cetera
1087 1681 1209 1746 incolis

200 1770 412 1852 crediderant,
441 1769 528 1833 inter
555 1790 650 1852 quae:
682 1768 816 1832 rubrum
843 1789 930 1831 mare
958 1789 1023 1832 non
1051 1791 1070 1832 a
1097 1771 1208 1834 colore

147 1873 182 1920 14
200 1860 372 1942 undarum,
394 1860 430 1921 ut
452 1857 598 1942 plerique
621 1857 795 1938 crederent,
818 1856 872 1920 sed
896 1855 936 1920 ab
960 1855 1103 1939 Erythro
1127 1878 1209 1941 rege

200 1947 364 2032 appellari,
382 1967 452 2012 esse
470 1945 554 2011 haud
572 1946 683 2028 procul
698 1967 717 2008 a
732 1945 909 2009 continenti
927 1945 1068 2008 insulam
1086 1946 1208 2028 palmis

199 2035 421 2119 frequentibus
454 2035 611 2100 consitam
638 2038 671 2098 et
697 2033 731 2096 in
764 2032 869 2097 medio
896 2032 963 2096 fere
994 2054 1125 2098 nemore
1153 2057 1209 2099 cc·

199 2125 344 2188 lumnam
367 2122 519 2206 eminere,
541 2121 675 2205 Erythri
697 2122 783 2206 regis
807 2123 1058 2205 monumentum,
1081 2122 1207 2188 litteris

148 2223 181 2272 15
201 2212 307 2298 gentis
330 2210 397 2275 cius
421 2211 584 2294 scriptam.
628 2208 822 2275 Adiciebant
844 2209 988 2293 navigia,
1016 2231 1096 2294 quae
1119 2211 1207 2276 lixas

200 2303 456 2383 mercatoresque
487 2299 662 2382 rexissent,
693 2299 815 2363 famam
847 2299 915 2363 auri
943 2299 1063 2362 secutis
1090 2300 1209 2382 guber·

200 2389 368 2455 natoribus
386 2387 421 2451 in
438 2388 576 2452 insulam
595 2409 664 2452 esse
682 2387 875 2452 transmissa
893 2407 953 2452 nec
970 2387 1083 2452 deinde
1101 2388 1144 2452 ab
1163 2389 1208 2452 iis

148 2493 182 2542 rc
200 2481 315 2564 postea
332 2479 410 2543 visa.
445 2475 515 2541 Rex
537 2475 751 2560 cognoscendi
773 2476 866 2559 plura
884 2475 1032 2558 cupidine
1051 2496 1207 2542 accensus

201 2591 311 2634 rursus
335 2589 390 2633 eos
408 2570 529 2631 terram
546 2565 654 2648 legere
671 2565 775 2647 iubet,
798 2563 898 2628 donec
916 2563 956 2628 ad
974 2561 1153 2647 Euphratis
1172 2586 1207 2630 os
1299 2601 1300 2634 v

202 2657 398 2740 adpellerent
416 2655 562 2736 classem,
579 2653 653 2716 inde
672 2653 805 2716 adverso
825 2674 917 2716 amne
931 2649 1101 2735 Babylona
1118 2654 1206 2718 subi·
1299 2657 1300 2664 ’

149 2759 182 2807 17
201 2750 299 2810 turos.
336 2742 412 2827 Ipse
434 2743 542 2809 animo
565 2741 695 2806 infinita
717 2741 890 2825 conplexus
914 2743 1086 2824 statuerat,
1114 2742 1237 2807 omni3

201 2831 241 2898 ad
273 2833 429 2898 orientem
460 2831 624 2896 maritima
654 2829 785 2913 regione
815 2827 1010 2912 perdomita,
1040 2850 1079 2894 ex
1110 2827 1208 2912 Syria

199 2925 309 3007 petere
336 2920 495 3004 Africam,
523 2917 715 3002 Carthagini
741 2917 899 3001 infensus,
929 2918 1002 2981 inde
1031 2915 1208 2982 Numidiae

201 3007 430 3077 solitudinibus
452 3008 633 3093 peragratis
657 3027 784 3070 cursum
809 3004 906 3070 Gadis
926 3006 1077 3090 dirigere,
1098 3041 1136 3052 -
1157 3007 1207 3070 ibi

200 3119 338 3184 namque
362 3097 528 3162 columnas
555 3095 702 3160 Herculis
731 3115 800 3158 esse
826 3095 913 3158 fama
934 3095 1137 3180 vulgaverat,
1163 3131 1205 3142 -

151 3187 377 3271 18Hispanias
409 3183 535 3269 deinde,
571 3207 651 3269 quas
683 3182 851 3248 Hiberiam
882 3181 997 3247 Graeci
1026 3205 1046 3247 a
1072 3183 1209 3248 flumine

201 3275 324 3341 Hibero
352 3273 521 3356 vocabant,
551 3273 638 3338 adire
665 3275 699 3336 et
724 3271 926 3356 praetervehi
951 3270 1051 3355 Alpes
1075 3270 1208 3336 Italiae-

150 3378 183 3426 19
202 3385 263 3449 que
291 3386 393 3446 oram,
423 3362 506 3426 unde
534 3361 569 3425 in
599 3361 736 3446 Epirum
761 3359 869 3424 brevis
897 3379 1007 3425 cursus
1035 3364 1094 3424 est.
1139 3359 1208 3445 lgi-

201 3457 255 3517 tur
281 3450 534 3536 Mesopotamiae
561 3449 765 3534 praetoribus
792 3448 976 3531 imperavit,
1007 3447 1146 3513 materia
1173 3449 1209 3514 in

201 3541 325 3605 Libano
361 3543 472 3604 monte
508 3558 601 3602 caesa
638 3537 830 3619 devectaque
867 3535 906 3600 ad
943 3536 1056 3601 urbem
1092 3535 1209 3620 Syriae

203 3628 405 3708 Thapsacum
441 3624 717 3709 septingentarum
750 3625 876 3689 carinas
907 3625 1039 3689 navium
1070 3646 1208 3708 ponere:
