2602 4094
242 217 247 230 ·
285 189 540 246 HISTORIARUM
557 191 771 247 ALEXANDRI
788 191 857 256 Kb
926 253 928 258 ,
975 193 977 198 ’
1016 193 1084 268 273,

75 334 181 418 Vigor
213 334 280 399 eius
313 337 346 398 et
377 334 485 400 vultus
514 335 677 400 educentis
704 334 739 400 iri
765 337 924 420 proelium
951 338 1082 422 milites,

75 422 255 487 obsidentis
277 423 389 505 urbes,
413 423 577 488 evadentis
599 423 634 488 in
656 446 780 509 muros,
797 425 898 491 fortes
917 425 1003 491 viros
1021 447 1080 509 pro

75 511 226 575 contione
250 509 398 576 donantis
423 512 633 578 occurrebant
650 513 761 578 oculis.
791 513 874 580 Tum
892 512 1080 580 Macedones
1101 527 1133 574 11

76 599 202 664 divinos
234 598 373 665 honores
404 621 539 684 negasse
572 601 602 666 ai
628 601 816 684 paenitebat
841 603 1021 688 impiosque
1049 605 1082 667 et

75 688 222 773 ingratos
241 687 340 752 fuisse
360 708 394 752 se
414 688 657 773 confitebantur,
676 691 761 774 quod
779 711 871 756 aures
891 691 958 756 aius
972 691 1082 756 debita

30 775 65 840 16
76 776 294 860 appellatione
321 775 536 841 fraudassent.
580 775 626 841 Et
652 799 723 843 cum
751 777 807 843 diu
828 800 912 844 nuno
934 779 969 844 in
990 801 1082 845 vene-

75 864 213 948 ratione,
239 885 324 929 nunc
349 865 385 952 in
412 864 570 929 desiderio
597 866 684 950 regis
711 866 906 952 haesissent,
936 868 975 933 in·
992 868 1102 955 ipsos

75 975 170 1018 versa
188 953 355 1018 miseratio
379 957 437 1020 est
473 951 661 1019 Macedonia
676 954 816 1038 profecti
833 956 921 1021 ultra
937 956 1082 1040 Euphra
1100 967 1135 1018 12

75 1046 132 1106 ten
153 1042 190 1106 ia
207 1041 320 1106 mediis
341 1041 490 1121 hostibus
507 1063 627 1108 novum
645 1042 817 1128 imperium
836 1045 1082 1127 aspernantibus

76 1129 250 1195 destitutos
278 1152 313 1195 se
336 1151 405 1195 asse
428 1130 614 1214 cernebant,
641 1131 709 1196 sina
732 1136 820 1197 certo
843 1133 929 1218 regis
952 1133 1082 1200 herede:

77 1218 167 1299 [sine
198 1217 314 1283 herede
347 1218 456 1303 regni]
490 1219 635 1303 publicas
671 1219 757 1285 vires
788 1219 829 1284 ad
860 1241 894 1286 se
925 1243 1082 1307 quemque

76 1310 264 1372 tracturum.
313 1305 407 1371 Balla
441 1307 555 1372 deinde
587 1307 706 1393 civilia,
742 1330 823 1393 quae
855 1314 966 1374 secuta
998 1316 1082 1394 sunt,
1102 1321 1134 1370 la

78 1395 241 1460 mentibus
265 1397 518 1481 augurabantur:
544 1397 676 1478 iterum,
700 1418 768 1462 non
791 1395 830 1461 de
851 1418 953 1483 regno
974 1397 1083 1482 Asiae,

77 1484 132 1548 sed
161 1483 200 1548 de
226 1504 302 1569 rege
329 1484 409 1567 ipsis
437 1485 626 1568 sanguinem
654 1507 723 1550 esse
749 1485 960 1570 fundendum,
988 1488 1081 1551 novis

76 1571 263 1637 vulneribus
281 1576 406 1637 veteres
424 1573 619 1656 rumpendas
637 1573 815 1639 cicatrices:
834 1596 934 1657 senes,
951 1574 1082 1659 debiles,
1101 1585 1135 1633 14

77 1659 173 1726 modo
192 1661 295 1744 petita
313 1661 465 1726 missione
483 1682 505 1725 a
521 1661 608 1726 iusto
626 1682 712 1747 rege,
729 1684 814 1728 nunc
833 1663 1005 1728 morituros
1024 1685 1081 1746 pro

76 1750 224 1832 potentia
263 1748 402 1814 forsitan
419 1756 421 1761 ’
438 1749 589 1814 satellitis
630 1750 764 1815 alicuius
800 1751 963 1836 ignobilis.
1011 1750 1081 1816 Has
1102 1762 1135 1810 15

77 1837 292 1921 cogitationes
323 1837 528 1902 volventibus
559 1860 624 1903 nox
654 1839 837 1922 supervenit
863 1843 1082 1925 terroremque

78 1926 175 1990 auxit.
224 1923 345 1990 Milites
369 1927 402 1990 in
427 1926 525 1990 armis
547 1925 739 2011 vigilabant:
767 1926 940 2012 Babylonii
962 1929 1082 1993 aliuse

77 2014 192 2098 muris,
220 2014 302 2079 alius
331 2014 470 2078 culmina
498 2015 548 2079 sui
574 2015 709 2099 quisque
730 2015 809 2081 tecti
831 2016 1083 2101 prospectabant

78 2103 171 2186 quasi
197 2103 336 2167 certiora
358 2102 467 2167 visuri.
512 2102 580 2168 Neo
605 2103 774 2187 quisquam
798 2103 920 2169 lumina
944 2105 1136 2170 audebatis

77 2189 257 2255 accendere.
292 2190 337 2255 Et
359 2191 435 2275 quia
458 2192 624 2256 oculorum
647 2193 796 2258 cessabat
818 2215 909 2272 usus,
933 2193 1082 2259 fremitus

76 2300 235 2362 vocesque
253 2279 385 2343 auribus
412 2280 588 2364 captabant
615 2302 652 2345 ac
676 2280 865 2366 plerumque
887 2304 970 2348 vano
994 2285 1083 2346 metu
1170 2341 1173 2351 .

75 2366 184 2431 territi
213 2389 271 2450 per
303 2368 456 2432 obscuras
489 2369 635 2451 semitas,
667 2369 750 2435 alius
781 2370 839 2434 alii
870 2374 1083 2454 occursantes,

76 2455 213 2520 invicem
237 2457 380 2539 suspecti
403 2477 440 2521 ao
464 2455 597 2521 solliciti
616 2455 811 2522 ferebantur.
846 2457 963 2523 Persae
981 2458 1082 2522 comis
1103 2470 1134 2518 rt

77 2565 136 2608 suo
160 2565 249 2609 more
273 2543 415 2609 detonsis
438 2544 474 2609 in
491 2545 621 2629 lugubri
639 2550 727 2610 veste
746 2567 818 2610 cum
836 2544 1027 2630 coniugibus
1045 2566 1083 2611 ac

76 2632 188 2696 liberis
210 2653 274 2697 non
295 2634 333 2697 ut
350 2632 504 2698 victorem
524 2638 557 2698 et
574 2633 669 2698 modo
687 2632 824 2717 hostem,
847 2633 903 2698 sed
920 2638 958 2698 ut
975 2633 1083 2718 gentis

77 2741 156 2784 suaa
178 2720 391 2785 iustissimum
413 2742 523 2806 regern
545 2743 627 2800 vero
641 2721 802 2789 desiderio
820 2721 983 2806 lugebant.
1019 2721 1083 2786 Ad·

77 2809 163 2873 suati
185 2808 246 2873 sub
269 2830 343 2894 rege
367 2810 474 2875 vivere
496 2831 563 2874 non
584 2809 698 2891 alium,
720 2809 776 2893 qui
797 2809 972 2894 imperaret
993 2809 1084 2894 ipsis,

34 2895 66 2960 ll
77 2896 258 2981 digniorem
275 2897 375 2962 fuisse
393 2898 636 2963 confitebantur.
671 2895 741 2962 Nec
757 2898 857 2962 muris
872 2899 962 2964 urbis
977 2898 1081 2963 luctus
1102 2909 1135 2958 18

78 2984 319 3068 continebatur,
347 2987 402 3051 sed
428 2985 609 3069 proximam
634 2986 800 3069 regionem
823 2985 864 3050 ab
892 3007 942 3070 ea,
970 2986 1082 3050 deinde

78 3077 232 3156 magnam
249 3077 376 3157 partem
398 3073 498 3138 Asiae
520 3075 566 3138 cis
588 3072 780 3158 Euphraten
803 3075 882 3138 mali
904 3075 992 3140 fama
1008 3096 1082 3157 per·

77 3165 216 3226 vaserat.
261 3161 313 3226 Ad
343 3161 440 3226 Darei
468 3183 593 3246 quoque
618 3165 757 3226 matrem
784 3163 930 3229 celeriter
956 3163 1083 3245 perlata
1103 3175 1142 3232 19„

79 3239 139 3314 es't.
183 3250 339 3315 Abscissa
361 3270 437 3335 ergo
461 3254 561 3333 veste,
590 3273 654 3335 qua
675 3250 789 3316 induta
809 3255 892 3333 erat,
914 3250 1082 3335 lugubrem
1232 3332 1234 3336 ι

79 3338 219 3421 sumpsit
236 3338 446 3422 laceratisque
464 3338 606 3403 crinibus
624 3338 716 3403 humi
729 3360 844 3423 corpus
859 3339 986 3403 abiecit.
1018 3338 1083 3403 Ad·
1101 3351 1136 3400 20

78 3426 206 3490 sidebat
228 3426 258 3490 ei
281 3427 385 3491 altera
407 3449 445 3490 ex
466 3427 617 3512 neptibus
639 3448 741 3511 nuper
764 3428 918 3492 amissum
935 3426 1082 3511 Hephae·

78 3515 231 3598 stionem,
258 3516 309 3579 cui
331 3519 497 3599 nupserat,
520 3516 634 3600 lugens
656 3515 867 3601 propriasque
891 3537 1003 3581 causas
1027 3515 1083 3580 do·

76 3602 157 3668 loris
180 3605 215 3666 in
238 3603 400 3668 communi
421 3603 585 3668 maestitia
607 3603 812 3670 retractabat
855 3601 917 3670 Sed
940 3603 1082 3669 omnium
1100 3616 1133 3664 21

131 3715 224 3756 eortius
236 3716 316 3757 Rufus.
890 3712 923 3762 18
