2600 4096
249 187 502 242 HISTORIARUM
520 188 734 244 ALEXANDRI
752 189 826 258 Vlll,
845 196 870 246 8.
889 198 914 247 9.
1019 189 1083 256 207

73 332 197 398 venire.
233 329 335 406 Quam
350 333 487 416 gloriam
501 337 536 397 tu
537 333 734 417 ,parricida
746 334 1085 417 interciperevoluisti

75 424 110 485 ct
134 418 327 484 Macedonas
349 441 426 506 rege
450 421 599 504 adempto
627 422 760 487 demotis
788 424 939 507 gentibus
962 423 1084 488 dedere.

74 506 125 573 Ac
157 529 244 574 nunc
270 529 382 573 mones
414 531 478 592 me,
510 514 547 574 ut
578 511 694 575 vestris
721 515 836 594 parent
822 511 909 576 tibus
941 514 1086 594 parcam!
1104 524 1136 572 rs

73 595 153 662 Non
180 597 351 680 oportebat
382 559 510 681 quiddm
543 619 600 663 vos
632 599 727 677 scire,
759 599 836 684 quid
867 599 906 664 de
936 600 1072 665 hista
1020 603 1085 666 sta·

73 684 227 768 tuissem,
245 705 308 769 quo
327 685 487 751 tristiores
504 687 669 770 periretis,
687 687 716 750 si
729 709 793 771 qua
806 688 898 753 vobis
916 692 1085 771 parentum

74 773 234 839 memoria
252 777 285 838 et
302 794 379 838 cura
398 779 461 840 est:
484 775 540 839 sed
558 775 634 838 olim
658 775 757 839 istum
779 797 902 840 morem
922 776 1085 841 occidendi

74 883 149 928 cum
169 861 314 926 scelestis
332 861 475 928 insontes
498 863 697 946 propinquos
719 869 932 948 parentesque
951 866 1034 930 solvi
1052 869 1085 929 et

74 949 232 1034 profiteor
252 950 288 1014 in
310 950 422 1016 eodem
444 950 566 1017 honore
589 950 715 1016 futuros
738 973 849 1017 omnes
872 975 940 1035 eos,
963 955 998 1018 in
1021 975 1083 1038 quo

75 1038 217 1104 luerunt.
261 1036 333 1102 lam
354 1043 446 1104 tuum
470 1037 703 1123 Callisthenen,
730 1040 782 1104 cui
806 1040 862 1104 uni
884 1041 1138 1126 virvideris,1s
1294 1095 1295 1104 ,

76 1127 153 1211 quia
180 1126 262 1192 latro
290 1149 337 1210 es,
364 1127 445 1211 scio,
472 1149 528 1192 eur
554 1127 687 1211 produci
714 1128 809 1193 velis·
836 1132 873 1192 ut
900 1151 1006 1194 coram
1033 1093 1084 1194 his'
1179 1160 1182 1164 ·
1294 1155 1295 1162 ¹

74 1215 211 1299 probra,
233 1236 314 1298 quae
336 1215 371 1280 in
393 1237 445 1280 me
467 1216 564 1281 modo
587 1215 704 1299 iecisti,
732 1215 817 1280 unde
840 1217 974 1302 audisti,
995 1218 1085 1283 illius

76 1324 207 1387 quoque
226 1325 281 1368 ore
300 1303 352 1368 ref
350 1307 443 1368 erant
443 1327 489 1369 ur.
526 1303 642 1384 Quem,
664 1325 692 1367 ει
683 1304 839 1370 Macedo
857 1309 992 1383 esset,t
994 1328 1085 1371 ecum

75 1391 342 1475 introduxissem,
372 1392 619 1494 dignissimum
627 1396 661 1457 ts
693 1392 848 1476 discipulo
879 1394 1085 1479 magistrum.

30 1481 162 1545 renunc
186 1477 340 1562 Olynthio
362 1501 429 1544 non
450 1480 568 1546 idem
557 1481 637 1546 ruris
661 1479 730 1546 est'
775 1480 855 1546 Post
881 1481 961 1547 haec
982 1482 1085 1548 consi-
1104 1495 1139 1544 so

75 1568 157 1633 lium
189 1567 313 1632 dimisit
342 1569 490 1653 tradique
521 1569 690 1635 damnatos
725 1570 923 1653 hominibus,
959 1570 1015 1655 qui
1046 1592 1085 1635 ex

77 1655 192 1722 eadem
223 1656 355 1722 cohorte
388 1661 493 1741 erant,
529 1657 634 1722 iussit.
688 1657 756 1741 Illi,
788 1663 826 1722 ut
861 1658 958 1722 fidem
992 1679 1084 1723 suam

77 1744 216 1811 saevitia
255 1745 326 1827 regi
366 1746 599 1829 adprobarent,
644 1746 842 1811 excruciatos
882 1750 1085 1812 necaverunt.

76 1831 297 1899 Callisthenes
329 1853 456 1917 quoque
486 1838 593 1898 tortus
625 1834 764 1916 interiit,
794 1834 869 1898 initi
896 1834 1024 1899 consilii
1051 1835 1085 1898 in
1104 1848 1136 1895 m

76 1924 176 2004 caput
201 1921 289 2004 regis
315 1921 464 1986 innoxius
492 1923 548 1987 sed
573 1923 821 2007 haudquaquam
849 1922 943 1988 aulae
972 1927 1004 1988 et
1034 1923 1085 1987 ad-

78 2008 277 2074 sentantium
320 2010 579 2076 accommodatus
616 2011 756 2096 ingenio.
813 2009 927 2095 Itaque
962 2011 1084 2076 nullius
1104 2024 1137 2073 aa

77 2097 191 2162 caedes
215 2097 371 2164 maiorem
394 2099 477 2182 apud
496 2097 633 2164 Graecos
654 2099 838 2165 Alexandro
862 2100 1017 2165 excitavit
1038 2100 1085 2164 in·

76 2185 212 2269 sidiam,
239 2186 324 2271 quod
350 2186 532 2270 praeditum
559 2187 690 2271 optimis
718 2188 861 2253 moribus
889 2189 1086 2272 artibusque,

78 2295 185 2358 aquo
208 2277 376 2340 revocatus
400 2275 441 2339 ad
467 2276 568 2339 vitam
597 2280 678 2358 erat,
707 2297 780 2341 eum
806 2275 976 2342 interfecto
1001 2275 1086 2342 Olito

76 2362 162 2426 mori
193 2368 426 2446 perseveraret,
458 2385 523 2428 non
552 2367 680 2429 tantum
707 2365 872 2447 occiderit,
904 2365 960 2430 sed
988 2367 1085 2429 etiam

78 2450 214 2516 torserit
230 2450 352 2517 indicta
369 2450 496 2534 quidem
513 2473 619 2518 causa
655 2451 760 2529 Quam
774 2452 996 2518 crudelitatem
1015 2473 1087 2516 sera
1105 2465 1139 2514 2³

78 2539 280 2623 paenitentia
302 2544 473 2606 consecuta
495 2546 555 2606 est

504 2697 583 2765 One.
607 2699 663 2764 IX

34 2801 72 2866 30
171 2803 234 2869 Sed
259 2826 300 2869 ne
327 2805 431 2870 otium
458 2805 599 2870 serendis
626 2803 809 2869 rumoribus
835 2807 949 2868 natum
976 2803 1087 2888 aleret,
1106 2818 1121 2866 1

79 2893 115 2957 in
135 2892 263 2958 Indiam
285 2894 401 2976 movit,
428 2914 554 2976 semper
582 2893 667 2957 bello
696 2914 792 2992 quam
820 2896 894 2974 post
916 2893 1085 2957 victoriam

4 3015 5 3020 ι
80 2978 207 3046 clarior.
247 2981 342 3046 India
363 2984 433 3047 tota
456 2980 556 3046 fermo
579 2984 703 3063 spectat
727 2980 901 3063 orientem,
924 2981 1029 3045 minus
1052 3003 1085 3044 m
1104 2994 1122 3041 a

79 3069 286 3135 latitudinem
301 3090 397 3153 quam
411 3073 499 3133 recta
512 3068 644 3152 regione
658 3067 810 3153 spatiosa.
838 3067 927 3145 Quae
941 3074 1086 3134 austrum
1105 3083 1122 3129 3

81 3158 256 3242 accipiunt,
282 3158 316 3222 in
344 3157 442 3221 altius
468 3161 574 3221 terrae
600 3156 769 3240 fastigium
792 3156 961 3222 excedunt:
987 3158 1114 3241 plana'

81 3251 156 3312 sunt
174 3251 283 3311 cetera
305 3245 480 3329 multisque
503 3245 623 3310 inclitis
641 3244 788 3310 amnibus
807 3243 951 3310 Caucaso
975 3249 1084 3311 monte

82 3335 159 3398 ortis
183 3333 348 3418 placidum
370 3356 427 3418 per
445 3355 576 3417 campos
598 3333 660 3398 iter
679 3333 846 3416 praebent
885 3333 982 3398 Indus
1006 3334 1123 3418 geli-4

81 3421 150 3488 dior
183 3426 234 3488 est
266 3444 362 3506 quam
395 3422 507 3488 ceteri:
542 3443 642 3506 aquas
673 3422 764 3487 vehit
797 3444 817 3486 a
847 3422 953 3487 eolore
986 3422 1085 3486 maris

80 3509 164 3575 haud
180 3512 320 3576 multum
339 3510 559 3576 abhorrentes.
586 3508 724 3595 Ganges,
743 3510 885 3574 omnium
899 3510 940 3573 ab
955 3507 1085 3574 Oriente
1105 3521 1121 3569 5

81 3599 195 3666 fluvius
219 3599 369 3683 eximius,
397 3599 436 3664 ad
459 3598 671 3664 meridianam
699 3599 864 3682 regionem
890 3596 1032 3663 decurrit
1054 3599 1087 3660 et
