2582 4098
243 169 497 229 HISTORIARUM
515 171 730 228 ALEXANDRI
747 171 795 242 IV,
814 179 855 228 10.
1011 174 1053 236 59

19 336 149 382 mans:
188 319 297 401 patere
328 315 379 382 val
408 317 503 394 anius
535 316 661 382 insidiis
692 337 816 402 regem:
849 317 932 382 nihil
962 318 1053 384 nefas

21 423 107 468 esse
134 404 302 470 avaritiae.
339 402 471 470 Secutus
495 405 621 470 consilii
640 409 802 469 auctorem
820 409 926 470 castra
944 408 1054 471 movit.

20 491 101 556 Iter
126 491 265 557 facienti
288 491 387 576 spado
410 515 428 558 2
451 493 594 577 captivis,
617 494 672 578 qui
685 492 782 558 Darei
805 515 936 558 uxorem
955 495 1050 559 comi·
1073 516 1105 564 18

20 580 210 665 tabantur,
232 581 363 646 deficere
386 603 456 646 eam
478 581 608 646 nuntiat
629 584 662 645 et
683 582 736 645 vix
758 581 906 665 spiritum
931 581 1054 648 ducere.

22 668 173 732 Itineris
200 669 344 734 continui
370 669 479 734 labore
506 669 667 754 animique
696 670 893 754 aegritudine
915 669 1053 756 fatigata
1073 691 1104 738 19

24 757 124 820 inter
149 777 262 822 socrus
286 760 318 821 et
339 757 500 843 virginum
517 757 655 822 filiarum
673 779 787 822 manus
806 759 959 842 conlapsa
976 762 1053 842 erat,

27 843 157 908 deinde
191 847 224 908 22
255 845 402 910 extincta.
451 845 489 910 Id
520 846 626 929 ipsum
654 847 808 911 nuntians
836 847 916 911 alius
944 867 1053 931 super-

26 933 139 996 venit.
181 931 227 996 Et
242 953 299 997 rex
315 933 402 997 haud
421 955 520 1017 secus,
543 956 639 1019 quam
659 934 687 999 si
704 935 847 1017 parentis
865 956 952 1000 mors
970 956 1052 1000 nun·
1071 955 1105 1002 20

29 1022 124 1084 tiata
147 1024 246 1104 esset,
270 1021 396 1086 crebros
419 1022 518 1085 edidit
535 1023 674 1107 gemitus
696 1022 899 1107 lacrimisque
922 1023 1054 1107 obortis,

31 1107 149 1192 qualis
180 1106 304 1173 Dareus
335 1109 543 1195 profudisset,
575 1111 610 1174 in
637 1109 891 1195 tabernaculum,
922 1111 956 1175 in
990 1133 1053 1196 quo

31 1199 148 1260 mater
181 1199 250 1261 erat
278 1195 388 1277 Darei,
425 1197 573 1262 defuncto
606 1197 754 1263 adsidens
786 1199 925 1284 corpori,
953 1199 1053 1264 ¹uenit.

31 1283 104 1348 Hic
138 1305 215 1350 2220
246 1287 418 1350 2222022202
446 1289 495 1350 222
515 1307 654 1371 maeror,
684 1289 721 1350 ut
741 1289 938 1370 prostratam
963 1287 1053 1352 humi
1072 1306 1104 1354 22

32 1371 131 1437 vidit.
182 1371 315 1437 Recenti
346 1375 431 1439 malo
460 1375 601 1457 priorum
629 1395 755 1459 quoque
778 1374 943 1439 admonita
968 1396 1052 1440 rece·

33 1461 137 1544 perat
172 1460 207 1524 in
243 1462 401 1546 gremium
430 1462 557 1527 adultas
587 1463 741 1548 virgines,
775 1483 895 1548 magna
925 1461 1053 1547 quidem

34 1547 150 1612 mutui
181 1547 300 1614 doloris
329 1549 462 1635 solacia,
498 1550 553 1615 sed
584 1551 700 1636 quibus
729 1551 801 1634 ipsa
828 1550 958 1615 deberet
984 1571 1052 1614 esse

37 1635 172 1700 solacio.
203 1635 244 1700 In
261 1641 433 1721 conspectu
451 1642 521 1703 erat
537 1660 636 1723 nepos
653 1640 816 1723 parvulus,
838 1638 879 1704 ob
897 1638 930 1703 id
948 1639 1053 1722 ipsum
1072 1658 1105 1706 22

37 1723 250 1809 miserabilis,
282 1726 366 1810 quod
395 1725 538 1791 nondum
568 1726 728 1791 sentiebat
756 1727 983 1808 calamitatem,
1015 1747 1054 1790 ex

38 1812 186 1876 maxima
208 1815 298 1895 parte
321 1813 362 1878 ad
383 1814 489 1897 ipsum
510 1814 751 1881 redundantem.
787 1813 939 1880 Crederes
957 1813 1052 1878 Alex·
1072 1834 1105 1882 23

40 1899 182 1964 andrum
209 1901 294 1964 inter
320 1923 393 1966 suas
421 1902 671 1966 necessitudines
694 1903 768 1966 flere
792 1905 825 1966 22
846 1902 965 1967 solacia
986 1923 1053 1968 non

41 1987 209 2070 adhibere,
239 1989 294 2052 sed
322 2010 481 2073 quaerere.
526 1987 605 2054 cibo
628 1992 712 2055 certe
736 1989 891 2054 abstinuit
913 2011 1052 2055 omnem-

42 2095 108 2160 que
139 2074 292 2141 honorem
323 2077 427 2142 funeri
457 2077 562 2161 patrio
591 2077 760 2142 Persarum
789 2099 877 2143 more
907 2078 1054 2163 servavit,

43 2165 177 2247 dignus,
208 2163 348 2250 hercule,
380 2165 435 2250 qui
460 2187 552 2230 nunc
573 2187 697 2250 quoque
719 2169 829 2231 tantae
852 2170 886 2232 et
906 2187 1053 2231 mansue·

42 2249 166 2315 tudinis
189 2255 222 2315 22
243 2253 459 2319 continentiae
484 2254 568 2319 ferat
591 2253 740 2320 fructum.
790 2252 894 2320 Semel
921 2255 1053 2320 omnino
1072 2275 1106 2322 24

49 2361 123 2402 eam
144 2339 279 2424 viderat,
301 2363 364 2425 quo
388 2340 437 2406 die
461 2345 554 2426 cepte
577 2346 638 2426 222,
661 2364 719 2407 nec
741 2346 779 2407 02
799 2343 917 2427 ipsam,
941 2343 996 2406 sed
1018 2345 1055 2406 ut

45 2427 144 2490 Darei
182 2432 317 2493 matrem
356 2429 491 2514 videret,
535 2430 745 2516 eximiamque
784 2430 1054 2514 pulchritudinem

46 2516 168 2580 formae
190 2516 257 2581 eius
280 2538 347 2582 non
369 2517 511 2582 libidinis
533 2517 690 2583 habuerat
711 2519 970 2601 inritamentum,
997 2516 1053 2581 sed

49 2603 175 2688 gloriae.
255 2667 259 2672 .

12 2687 39 2754 12
136 2689 163 2756 E
186 2691 394 2778 spadonibus,
420 2695 475 2778 qui
501 2694 586 2759 circa
606 2695 753 2780 reginam
776 2696 879 2775 erant,
905 2692 1053 2776 Tyriotes
1072 2712 1105 2760 25

51 2778 133 2842 inter
151 2779 395 2863 trepidationem
413 2782 592 2866 lugentium
610 2782 737 2865 clapsus
754 2802 811 2864 per
829 2802 901 2844 cam
918 2785 1053 2865 portam,

52 2888 144 2951 qnae,
165 2867 240 2951 quia
262 2868 302 2933 ab
325 2869 418 2934 hoste
441 2891 553 2934 aversa
575 2873 655 2952 erat,
683 2869 783 2933 levius
807 2868 1054 2954 custodiebatur,

53 2953 93 3018 ad
117 2953 211 3018 Darei
243 2959 348 3020 castra
377 2958 523 3040 pervenit
547 2961 758 3041 exceptusque
790 2979 810 3022 a
839 2957 990 3042 vigilibus
1018 2958 1054 3022 in

52 3042 286 3107 tabernaculum
308 3045 393 3129 regis
415 3044 610 3129 perducitur,
642 3065 771 3130 gemens
801 3048 834 3108 22
859 3048 945 3110 veste
972 3044 1053 3110 lace-

53 3132 129 3194 rata.
175 3129 276 3206 Quem
302 3135 340 3196 02
370 3133 536 3216 conspexit
561 3130 698 3216 Dareus,
729 3132 899 3216 multiplici
934 3132 1052 3197 doloris
1071 3153 1104 3201 20

58 3219 269 3301 expectatione
301 3224 479 3286 commotus
508 3223 553 3300 22,
584 3219 661 3304 quid
686 3221 889 3304 potissimum
915 3221 1052 3306 timeret,

54 3307 199 3390 incertus,
232 3306 391 3392 ‘Vultus',
422 3309 539 3393 inquit,
572 3307 660 3373 ‘tuus
688 3309 796 3373 nescio
824 3309 909 3393 quod
934 3309 1050 3394 ingens

54 3394 165 3458 malum
186 3395 336 3480 praefert,
359 3396 414 3460 sed
438 3417 513 3461 cave
536 3397 645 3461 miseri
666 3396 806 3461 hominis
829 3396 958 3461 auribus
979 3419 1050 3480 par·

55 3503 117 3546 cas:
145 3481 235 3546 didici
262 3504 330 3547 esse
357 3483 482 3568 infelix,
509 3487 542 3548 ct
568 3506 662 3568 saepe
685 3485 874 3548 calamitatis
897 3485 1050 3549 solacium

59 3573 106 3634 cst
125 3591 213 3662 nosse
236 3575 355 3636 sortem
378 3595 477 3637 suam.
521 3570 617 3657 Num,
640 3573 725 3658 quod
747 3573 883 3653 maxime
907 3573 1101 3655 suspiceres
