2600 4096
312 210 564 266 masculanum
581 209 796 265 russanum
814 211 860 281 Vl,
879 217 904 266 9.
1047 214 1110 278 139

98 354 275 440 posuistis,
292 354 435 419 admovi:
457 353 611 437 Mediam,
630 375 693 438 qua
711 355 801 420 nulla
819 356 1002 438 opulentior
1018 357 1110 443 regio

100 447 167 528 est,
191 447 225 509 et
247 447 299 509 tot
321 442 439 508 civium
459 443 680 526 sociorumque
700 443 792 508 milia
813 444 948 527 imperio
972 445 1041 509 eius
1064 446 1111 509 di-

100 531 252 615 cionique
271 531 401 596 subieci.
437 529 529 596 Unde
543 531 740 614 praesidium
753 533 920 616 petieram,
932 533 1111 616 periculum

100 619 225 686 extitit
261 619 362 696 Quam
382 619 520 684 feliciter
529 620 569 683 ‚in
583 619 651 684 acic
666 619 867 703 occidissem,
883 621 992 704 potius
1005 620 1110 686 hostis
1129 641 1163 690 aa

99 709 238 793 praeda,
264 728 361 792 quam
383 707 463 772 ciris
485 707 629 772 victima!
674 706 769 772 Nunc
796 713 941 775 servatus
965 730 1004 774 ex
1029 709 1111 794 peri·

100 797 201 880 culis,
224 817 306 882 quaa
324 795 394 860 sola
411 795 519 879 timui,
536 795 572 861 in
588 795 669 860 haec
686 795 796 880 incidi,
818 818 898 880 quae
916 798 1030 862 timore
1046 819 1112 863 non

102 885 213 950 debui.
263 881 383 950 Soletis
410 882 585 949 identidem
616 906 637 948 a
662 905 727 968 me,
758 884 891 969 milites,
921 889 1043 970 petere,
1074 889 1112 952 ut
1129 905 1164 955 24

102 973 205 1037 saluti
236 994 326 1037 meas
356 993 497 1056 parcam.
550 971 619 1056 Ipsi
652 970 732 1035 mihi
764 977 929 1055 praestare
964 974 1112 1059 potestis,

101 1060 193 1145 quod
207 1060 357 1143 suadetis,
374 1064 411 1126 ut
428 1059 556 1125 faciam.
592 1058 644 1124 Ad
662 1063 786 1124 vestras
805 1081 928 1144 manus,
947 1062 988 1126 ad
1005 1067 1112 1128 vestra

102 1171 198 1216 arma
220 1148 385 1234 confugio:
419 1147 530 1214 inritis
552 1149 644 1213 vobis
668 1147 776 1212 salvus
800 1169 870 1213 esse
891 1149 984 1214 nolo:
1004 1151 1112 1217 volen-

44 1252 91 1318 35
102 1237 195 1302 tibus
217 1258 282 1302 non
303 1257 450 1321 possum,
471 1236 536 1301 nisi
557 1234 722 1300 vindicor'.
764 1234 848 1300 Tum
866 1235 1020 1302 Philotan
1041 1241 1113 1303 reli·
1130 1258 1165 1307 as

103 1325 194 1409 gatis
220 1328 296 1409 post
319 1328 447 1410 tergum
468 1324 617 1389 manibus
640 1324 786 1390 obsoleto
809 1325 947 1390 amiculo
969 1326 1113 1392 velatum

102 1413 203 1479 iussit
221 1412 338 1479 induci.
373 1411 482 1478 Facile
501 1413 691 1496 adparebat,
714 1415 819 1477 motos
839 1434 909 1478 esse
928 1417 997 1477 tam
1019 1415 1113 1478 mise·

102 1501 204 1567 rabili
229 1500 343 1566 habitu
369 1523 436 1566 non
464 1501 532 1566 sine
559 1501 680 1566 invidia
710 1501 808 1585 paulo
836 1505 911 1566 ante
940 1502 1113 1586 conspecti.

103 1589 230 1655 Ducam
253 1589 415 1674 equitatus
437 1589 540 1672 pridie
558 1590 717 1672 viderant,
743 1589 888 1654 sciebant
908 1589 993 1674 ragis
1016 1591 1112 1655 inter·
1131 1609 1165 1658 ao

104 1678 207 1742 fuisse
238 1677 400 1743 convivio:
432 1680 564 1761 repente
595 1698 634 1744 ac
661 1697 752 1742 reum
783 1677 923 1762 quidem,
958 1677 1012 1741 sed
1047 1678 1113 1742 iam

105 1768 307 1850 damnatum,
320 1765 420 1830 immo
433 1766 576 1830 sinotum
590 1765 806 1831 intuebantur.
837 1762 975 1830 Subibat
988 1766 1113 1830 animos
1131 1784 1163 1834 2‘1

105 1855 328 1920 Parmenionis
352 1874 491 1938 quoque,
511 1854 595 1919 tanti
618 1853 721 1934 ducis,
742 1857 811 1917 tam
833 1853 912 1917 clari
934 1854 1024 1932 civis,
1051 1853 1114 1918 for-

104 1947 200 2028 tuna,
229 1942 284 2027 qui
311 1942 408 2007 modo
434 1940 559 2008 duobus
586 1942 674 2025 filiis,
707 1939 847 2006 Hectore
879 1962 917 2006 ac
943 1941 1115 2026 Nicanore,

106 2033 242 2097 orbatus
278 2052 351 2096 cum
375 2051 425 2114 eo,
461 2052 557 2115 quem
590 2031 751 2115 reliquum
782 2029 948 2094 calamitas
985 2029 1114 2114 fecerat,

105 2120 224 2186 absens
247 2118 367 2184 diceret
388 2139 527 2183 causam.
566 2118 680 2202 Itaque
698 2117 872 2201 Amyntas,
894 2117 1002 2202 regius
1025 2140 1114 2201 prae
1132 2136 1166 2186 aa

105 2213 176 2292 tor,
207 2207 416 2272 inclinantem
443 2207 484 2272 ad
511 2207 764 2272 misericordiam
791 2205 974 2272 contionem
1004 2229 1114 2273 rursus

105 2317 222 2380 aspera
249 2296 284 2359 in
310 2294 464 2360 Philotan
492 2296 637 2360 oratione
665 2295 853 2360 commorit:
885 2294 1029 2378 proditos
1060 2317 1115 2361 eos

106 2406 179 2450 essa
201 2383 365 2466 barbaris,
384 2383 546 2448 neminem
565 2383 605 2446 ad
623 2383 793 2467 coniugem
811 2384 956 2447 suumin
975 2383 1116 2467 patriam

107 2476 143 2538 et
161 2472 203 2536 ad
224 2475 375 2555 parentes
393 2470 492 2536 fuisse
509 2471 697 2536 rediturum:
721 2470 811 2536 velut
831 2473 981 2534 truncum
998 2491 1115 2552 corpus

107 2560 239 2642 dempto
267 2559 371 2645 capite
399 2559 467 2624 sine
495 2559 610 2642 spiritu
652 2559 722 2624 sine
748 2557 879 2623 nomina
902 2557 1008 2622 aliana
1029 2560 1116 2621 terra

105 2647 282 2712 ludibrium
298 2647 404 2713 hostis
422 2646 557 2712 futuros.
588 2609 846 2731 liaudquaquam
864 2666 924 2728 pro
940 2665 995 2727 spe
1013 2644 1115 2727 ipsius
1133 2657 1167 2708 aa

106 2737 271 2820 Amyntae
290 2736 394 2802 oratio
418 2739 513 2819 grata
529 2736 599 2820 regi
622 2735 697 2818 fuit,
719 2733 805 2818 quod
823 2732 1008 2818 coniugum,
1030 2732 1116 2816 quod

106 2824 235 2909 patriae
253 2824 435 2889 admonitos
453 2824 611 2907 pigriores
626 2822 667 2886 ad
680 2827 787 2887 cetera
805 2819 916 2885 munia
931 2820 1116 2905 exequenda

48 2930 97 2996 35
106 2912 248 2978 fecisset
293 2911 377 2977 Tum
405 2909 545 2995 Coenus,
576 2932 769 2996 quamquam
795 2907 945 2973 Philotae
973 2929 1115 2974 sororem
1133 2924 1168 2974 so

107 3000 316 3066 matrimonio
348 3021 456 3065 secum
487 2999 708 3081 coniunxerat,
738 3002 850 3062 tamen
881 2997 985 3062 acrius
1017 3018 1116 3082 quam

1 3129 2 3156 r
107 3088 277 3173 quisquam
305 3088 340 3152 in
365 3087 529 3153 Philotam
555 3089 701 3152 invectus
730 3089 792 3169 est,
823 3085 1016 3169 parricidam
1046 3106 1115 3150 esse

106 3177 210 3261 regis,
240 3177 379 3260 patriae,
411 3174 568 3240 exercitus
595 3175 780 3240 clamitans:
810 3195 999 3258 saxumque,
1029 3173 1115 3258 quod
1132 3188 1167 3238 31

106 3267 194 3330 forte
221 3268 296 3330 anta
323 3264 420 3347 pedes
442 3264 583 3346 iacebat,
612 3262 748 3347 arripuit
770 3262 946 3329 emissurus
972 3262 1007 3327 in
1033 3282 1116 3346 eum,

106 3356 146 3418 ut
166 3353 313 3438 plerique
334 3351 548 3431 crediderunt,
569 3350 741 3416 tormentis
764 3350 951 3416 subtrahero
975 3348 1116 3435 cupiens.

108 3439 173 3506 Sed
195 3461 251 3506 rex
277 3462 409 3506 manum
431 3441 499 3505 eius
525 3439 680 3525 inhibuit,
710 3439 862 3505 dicendae
888 3438 978 3524 prius
1001 3459 1116 3504 causae

106 3529 223 3594 debere
236 3529 306 3594 fieri
323 3531 519 3614 potestatem
537 3549 592 3594 reo
607 3549 665 3593 nec
683 3527 777 3593 aliter
794 3527 928 3592 iudicari
945 3547 1115 3610 passurum

105 3639 143 3683 sa
167 3617 350 3683 adfirmans.
393 3617 476 3681 Turn
503 3616 606 3683 dicere
633 3617 740 3681 iussus
761 3612 921 3694 Philotas,
949 3614 1015 3678 siva
1040 3635 1113 3679 con·
1131 3629 1165 3678 aa
