2600 4096
258 245 511 302 HISTORIARUM
527 245 740 301 ALEXANDRI
757 245 845 318 VIIII,
865 253 888 302 1.
907 252 932 301 2.
1035 245 1100 310 229

91 390 220 456 incolae
243 412 286 454 an
307 389 420 455 fraude
441 411 476 458 se
500 390 693 456 occulerent:
716 412 789 456 cunr
807 391 915 457 subito
937 391 1153 474 patefactam

92 483 192 564 porta
223 500 279 543 rex
305 477 404 542 Indus
436 500 509 543 eum
542 479 667 544 duobus
694 479 812 545 adultis
844 480 920 544 filiis
952 480 1100 563 occurrit,

93 567 236 631 multum
253 567 339 631 inter
357 588 468 632 omnes
490 567 647 632 barbaros
665 568 808 632 eminens
825 568 968 651 corporis
987 568 1099 652 specie.

93 653 208 720 Vestis
224 660 294 720 erat
307 676 384 719 auro
398 676 602 739 purpuraque
620 655 782 739 distincta,
800 677 882 741 quae
896 657 994 721 etiam
1008 677 1101 722 crura
1118 666 1152 716 ιι
1181 722 1184 727 ,

94 743 237 808 velabat:
261 743 367 808 aureis
389 743 486 808 soleis
508 743 688 809 inseruerat
710 765 866 829 gemmas,
889 745 1003 809 lacerti
1026 766 1100 828 quo

94 853 157 916 que
190 835 223 895 et
254 830 386 896 brachia
413 832 598 915 margaritis
625 836 740 896 ornata
768 836 867 898 erant.
915 832 1101 898 Pendebant
1118 843 1153 893 30

95 941 135 984 ex
164 919 297 984 auribus
324 920 467 1005 insignes
496 921 631 984 candore
659 941 697 985 ac
729 921 951 1005 magnitudine
987 921 1041 1005 lap
1042 922 1101 986 illi.

93 1005 252 1073 Baculum
278 1029 411 1072 aureum
442 1008 559 1093 berylli
586 1007 650 1073 dist
636 1008 837 1093 tinguebant.
880 1008 950 1086 Quo
979 1010 1100 1076 tradito

94 1098 255 1178 precatus,
272 1099 310 1158 ut
322 1095 463 1179 sospites
478 1094 646 1180 adaiperto
665 1118 699 1161 se
718 1096 898 1181 liberosque
916 1103 951 1163 et
972 1102 1101 1184 gentem

63 1187 189 1250 bsuam
225 1184 353 1250 dedidit
406 1183 541 1249 Nobiles
577 1184 618 1248 ad
654 1184 833 1249 venandum
865 1206 959 1250 canes
995 1187 1030 1251 ιιι
1064 1208 1102 1252 ea
1118 1199 1160 1248 312

95 1273 229 1356 regione
247 1276 335 1336 aunt:
357 1272 479 1337 latratu
498 1273 659 1338 abstinere
678 1273 840 1356 dicuntur,
863 1295 936 1338 cum
951 1275 1101 1340 viderunt

93 1360 212 1446 feram,
234 1360 381 1426 leonibus
400 1361 538 1426 maxime
557 1360 676 1426 infesti.
711 1323 840 1426 Horuni
856 1363 921 1426 vim
939 1366 977 1427 ut
995 1367 1100 1428 osten-
1119 1375 1153 1424 ιι

95 1448 186 1513 deret
202 1410 434 1532 hlexandro,
424 1471 459 1513 ιιι
477 1453 665 1533 conseptum
682 1450 808 1514 leonem
825 1450 960 1514 eximiae
978 1453 1101 1536 magni·

94 1537 217 1602 tudinis
248 1536 343 1601 iussit
375 1537 480 1602 emitti
508 1542 541 1604 et
566 1556 619 1602 1111
645 1539 776 1603 omnino
806 1538 969 1604 admoveri
996 1560 1101 1622 canes,

96 1626 152 1709 qui
179 1625 326 1690 celeriter
353 1625 455 1689 feram
483 1630 726 1710 occupaverunt.
775 1626 858 1691 Tum
885 1648 924 1691 ιι
951 1627 1017 1711 ιιι,
1045 1629 1101 1712 qui

96 1713 310 1778 adsueverant
330 1714 451 1778 talibus
473 1713 586 1778 minist
573 1715 675 1798 ιιιιιι,
702 1737 784 1779 unus
808 1716 897 1780 cauis
919 1715 1006 1780 leoni
1028 1737 1101 1780 cunr

96 1801 171 1865 aliis
202 1800 400 1865 inhaerentis
433 1823 505 1866 crus
537 1765 738 1867 avellerdt
705 1805 738 1866 ιι
742 1803 863 1905 ,quia
895 1825 961 1868 non
992 1825 1101 1888 seque-

95 1890 205 1973 batur,
235 1888 321 1954 ferro
355 1894 523 1973 amputare
555 1891 668 1974 coepit
712 1889 763 1956 Ne
796 1892 841 1955 sic
874 1890 1002 1974 quidem
1032 1914 1100 1977 per·
1119 1902 1152 1952 33

95 1976 216 2042 tinacia
229 1978 315 2042 vieta
333 1999 444 2042 rursus
462 1979 560 2042 aliam
577 1981 703 2060 partem
718 2000 825 2043 secare
842 1980 934 2044 instit
934 1980 962 2045 it
975 1984 1008 2045 et
1025 1981 1100 2046 inde

97 2087 163 2130 non
182 2065 312 2149 segnius
335 2066 553 2130 inhaerentem
575 2065 661 2130 ferro
685 2067 819 2131 subinde
842 2068 1002 2134 caedebat.
1041 2069 1100 2134 Ille

95 2153 130 2218 in
154 2153 286 2217 vulnere
308 2153 395 2218 ferae
418 2154 529 2218 dentes
553 2155 763 2220 moribundus
787 2176 913 2240 quoque
939 2157 1101 2223 infixerat:

96 2244 222 2306 tantam
244 2241 310 2306 illis
333 2241 527 2306 animalibus
550 2243 794 2308 advehendum
817 2245 1062 2329 cupiditatem
1052 2269 1101 2311 ιιι·

96 2349 267 2412 generasse
290 2332 440 2395 naturam
463 2332 638 2395 memoriae
659 2332 821 2415 proditum
844 2337 902 2398 est.
942 2333 1100 2418 Equidem
1119 2345 1153 2393 34

95 2417 191 2501 plura
209 2417 389 2482 transcribo
409 2439 506 2501 quam
525 2419 632 2484 credo:
649 2441 726 2484 nam
743 2442 802 2484 nec
821 2421 989 2485 adfirmare
1006 2423 1100 2486 susti·

95 2525 166 2588 neo,
185 2505 224 2570 de
244 2505 359 2589 quibus
379 2505 499 2588 dubito,
517 2528 601 2572 nec
591 2507 775 2587 subducere,
795 2529 875 2591 quae
889 2510 1006 2590 accepi.
1039 2509 1099 2573 Re·
1118 2519 1152 2569 35

95 2593 173 2658 licto
196 2593 298 2678 igitur
319 2591 484 2677 Sopithe
474 2617 509 2658 ιιι
531 2617 589 2659 suo
612 2615 711 2677 regno
735 2557 775 2658 ad
798 2595 929 2659 fluvium
951 2595 1101 2679 Hypasin

96 2682 267 2766 processit,
288 2679 542 2768 Hephaestione,
565 2683 621 2766 qui
643 2683 802 2748 diversam
822 2683 986 2766 regionem
1010 2685 1101 2749 sube-

97 2773 205 2852 gerat,
227 2770 408 2834 coniuncto.

184 2856 333 2943 Phegeus
348 2862 428 2923 erat
449 2860 555 2942 gentis
578 2858 744 2941 proximae
766 2879 836 2922 rex:
863 2859 918 2942 qui
940 2860 1100 2944 populari-
1119 2873 1152 2921 aa

96 2945 156 3010 bus
175 2945 241 3010 suis
260 2945 366 3010 colere
384 2965 491 3029 agros,
509 2950 547 3010 ut
564 2947 785 3028 adsueverant,
802 2945 898 3011 iussis
916 2947 1100 3015 Alexandro

7 3111 8 3116 γ
96 3053 168 3098 cum
192 3032 283 3097 donis
303 3034 456 3113 occurrit,
477 3034 575 3117 nihil,
598 3035 682 3117 quod
703 3035 890 3118 imperaret,
912 3035 1100 3102 detrectans.

527 3190 606 3258 Οιι.
628 3191 670 3258 Π.

63 3313 81 3378 7
182 3296 322 3362 Biduum
341 3298 426 3382 apud
445 3319 517 3362 eum
531 3298 679 3362 substitit
652 3302 767 3362 ιιιιιι
784 3300 883 3365 ιιιιιο
901 3298 952 3363 die
971 3311 1132 3365 amnemr

7 3395 8 3474 j
97 3406 248 3469 superare
263 3385 456 3468 decreverat,
468 3386 610 3451 transitu
573 3386 787 3452 tdifficilem
797 3408 863 3452 non
874 3387 981 3471 spatio
996 3389 1098 3454 solum

7 3507 8 3512 ¹
96 3494 260 3557 aquarum,
278 3475 334 3538 sed
353 3435 456 3539 atiani
465 3475 550 3538 saxis
564 3475 751 3556 inpeditum.
773 3474 1060 3540 Percontatust
1000 3477 1046 3562 1gi
1046 3480 1132 3540 ture

94 3557 239 3646 Phegea,
260 3584 340 3647 quae
357 3562 518 3628 noscenda
537 3567 640 3648 erant,
662 3581 713 3646 ιιι
731 3563 854 3627 dierum
872 3563 921 3626 ult
906 3565 959 3627 ιιι
981 3564 1099 3629 fiumen

7 3653 8 3658 ’
93 3672 150 3736 per
183 3652 293 3715 vastas
326 3650 516 3716 solitudines
547 3651 611 3714 iter
642 3673 712 3715 esse
743 3650 923 3735 cognoscit.
955 3652 1099 3734 excipere
