2582 4098
270 224 524 282 emronmeuu
541 225 756 282 ALEXANDRI
773 225 821 289 VI.
840 233 864 282 1.
1008 228 1072 292 115

63 370 120 434 bus
142 371 292 453 oonpressi
314 371 439 436 uictores
460 372 638 436 astiterant:
661 376 689 436 et
709 373 755 437 roi
777 372 848 437 bene
866 377 967 454 poetae
981 372 1071 453 fama

62 460 170 542 aiam,
192 463 247 540 pai
268 460 429 540 susperrsis
444 459 594 525 mentibus
612 460 773 539 fortunam
794 465 1011 543 spectaverant,
1035 463 1071 526 in

61 548 233 612 mpietatem
254 567 357 612 mrtem
373 549 523 630 pertracti
544 553 625 612 sant.
675 547 746 614 Una
767 569 804 614 ea
820 549 908 614 Eleis
924 549 1070 614 Aobaois·

61 655 121 717 pne
141 635 268 700 orbibus
289 633 410 700 Pellene
434 635 541 716 foedas
567 637 789 718 aspernabatur
816 642 845 702 et
874 639 910 702 in
930 638 1071 702 Aroadia

61 724 277 806 Mepatopotis,
301 724 366 805 fida
387 724 607 790 Moeedombns
628 725 665 790 ob
681 725 823 808 Pbitippi
839 727 1027 804 memoriam,
1049 747 1070 790 a

62 833 123 894 qao
145 813 295 894 benefieiis
320 813 440 892 adferta
459 813 571 893 [iterat.
612 811 675 878 Sed
694 813 766 878 haee
787 820 853 878 arte
874 816 1071 881 circumsessa

62 901 150 966 tmnd
164 902 274 984 promi
295 902 445 966 deditium
466 901 578 985 oberat,
600 902 663 966 nisi
681 904 802 966 tandem
819 903 986 985 Antipater
1003 904 1070 968 sab·

63 991 199 1056 oenisset.
233 989 272 1054 Is
286 994 448 1071 postquam
465 994 568 1054 eastra
585 990 694 1054 eastris
706 991 834 1055 eontulit
844 1011 932 1074 seqne
943 1012 1070 1057 nomem

62 1078 200 1143 militnm
217 1078 337 1159 abioqne
353 1083 508 1160 apparata
520 1078 705 1160 superiorem
718 1081 878 1162 eonspeait,
895 1101 989 1162 qnam
1000 1081 1069 1162 pri-

62 1186 150 1230 mam
172 1167 208 1230 de
228 1185 351 1231 anama
371 1186 476 1231 rernm
496 1167 615 1249 proelio
638 1168 811 1231 contendere
831 1170 950 1233 statuit:
978 1189 1071 1251 neque

62 1255 299 1320 Lacedaemonii
328 1256 524 1320 detrectavere
551 1259 709 1320 certamen.
759 1254 813 1319 Ita
840 1258 1001 1322 commissa
1027 1261 1072 1323 est

56 1363 176 1426 papna,
193 1363 271 1424 qnae
288 1362 353 1407 rem
369 1341 562 1424 Spartanam
578 1344 726 1409 maiorem
742 1343 779 1408 in
795 1345 919 1408 modam
935 1346 1069 1427 adstrinxit.

63 1431 143 1498 Qus
160 1433 242 1497 enim
259 1432 411 1514 anqustiis
431 1431 570 1514 toeornm,
592 1433 629 1496 in
646 1431 754 1514 quibas
770 1433 978 1517 pnpnabotnr,
1000 1454 1069 1498 oon-

62 1521 129 1602 fisi,
154 1519 208 1584 nbi
228 1519 307 1584 besti
328 1519 450 1584 natteem
471 1520 679 1586 multitudinis
700 1540 791 1586 nsum
811 1521 954 1601 fatnrnm
974 1523 1070 1586 ereda
1113 1537 1117 1558 ¹

63 1609 151 1691 bant,
177 1609 314 1673 animose
339 1609 489 1691 conpressi
514 1614 612 1673 essent
631 1629 726 1690 nepae
746 1609 929 1674 Macedones
951 1610 1070 1692 inpipre

62 1697 245 1774 resisterent,
268 1696 400 1760 mattam
421 1697 584 1778 sonpainis
604 1697 711 1776 fnsnm
733 1702 784 1763 est.
829 1696 891 1762 Sed
905 1703 1070 1782 postquam

62 1785 231 1866 Antipater
247 1785 398 1866 intepram
415 1785 542 1849 subinde
557 1805 686 1849 monam
704 1785 911 1850 buberantibas
923 1787 989 1852 sais
1001 1787 1069 1851 snb·

62 1873 144 1940 sidio
170 1873 320 1954 mittebat,
346 1873 472 1954 inpntsa
498 1872 808 1938 Lacedaemoniorum
835 1875 914 1938 auios
936 1876 1070 1956 prodam

57 1959 220 2044 pantisper
249 1961 373 2026 rettnbt.
425 1960 513 2040 Quod
537 1961 727 2042 eonspioatns
753 1962 833 2044 Apis
860 1982 929 2026 enm
954 1963 1071 2028 cohorte

62 2051 158 2132 repta,
180 2069 259 2130 qnae
280 2069 318 2114 eoo
337 2049 517 2130 fortissimis
539 2049 701 2128 constabat,
723 2069 755 2114 se
776 2052 812 2114 in
829 2051 964 2116 inediam
981 2099 990 2116 .
1009 2099 1017 2117 .
1034 2100 1069 2117 ..

503 2204 581 2272 (tur.
604 2207 629 2272 Ι.

31 2313 46 2375 1
64 2335 247 2399 ...pugnae
261 2312 432 2378 discrimen
445 2314 571 2378 inmisit
584 2314 856 2399 obtruncatisque,
870 2316 927 2399 qui
940 2337 1069 2399 promp·
1089 2333 1102 2380 1

63 2403 131 2466 tius
166 2403 373 2485 resistebant,
405 2423 558 2486 magnam
589 2406 716 2486 partem
746 2403 888 2467 hostium
920 2405 1069 2487 propulit.

63 2489 246 2575 Coeperant
267 2491 379 2574 fugere
401 2490 541 2554 victores
563 2495 604 2570 et,
626 2491 728 2556 donee
750 2492 874 2556 avidius
899 2495 1103 2573 sequentesa

63 2580 99 2644 in
122 2579 256 2661 planum
280 2579 447 2660 deduxere,
469 2579 568 2644 inulti
590 2579 760 2644 cadebant:
793 2579 848 2644 sed
870 2582 908 2641 ut
929 2581 1069 2661 primum

65 2667 172 2750 loeus,
194 2669 229 2730 in
252 2688 314 2751 quo
339 2669 423 2730 stare
441 2670 587 2750 possent,
610 2667 680 2749 fuit,
703 2667 812 2750 aequis
832 2666 952 2730 viribus
976 2666 1069 2729 dimi-

64 2759 174 2820 catum
202 2759 261 2822 est.
309 2754 399 2819 Inter
427 2776 539 2820 omnes
570 2759 681 2819 tamen
707 2753 980 2818 Lacedaemonios
1012 2771 1103 2819 rexs

65 2843 240 2926 eminebat,
261 2865 326 2908 non
349 2865 514 2908 armorum
537 2844 632 2907 modo
656 2847 690 2907 et
708 2842 851 2925 eorporis
875 2843 990 2926 speeie,
1014 2843 1069 2907 sed

66 2931 167 2994 etiam
190 2931 413 3015 magnitudine
436 2931 553 3014 animi,
581 2953 643 3014 quo
667 2951 731 2994 uno
754 2929 839 2995 vinei
865 2952 932 2994 non
952 2931 1069 3015 potuit.

61 3017 215 3103 Undique
228 3041 314 3084 nuno
327 3019 515 3102 comminus,
530 3041 615 3084 nuno
629 3019 752 3082 eminus
765 3019 937 3102 petebatur
952 3019 1069 3103 diuque
1088 3027 1105 3075 4

62 3129 155 3172 arma
172 3107 396 3172 circumferens
421 3107 487 3171 alia
508 3107 574 3172 tela
596 3106 699 3190 clipeo
724 3107 914 3192 excipiebat,
936 3129 1069 3191 corpore

62 3196 128 3260 alia
141 3196 284 3260 vitabat:
302 3196 403 3260 donea
421 3195 517 3260 hasta
534 3195 656 3259 femina
673 3195 820 3278 perfossa
837 3195 979 3280 plurimo
999 3217 1069 3260 san·

61 3284 161 3368 guine
190 3284 290 3348 effuso
319 3284 492 3348 destituere
514 3287 721 3367 pugnantem.
765 3283 854 3368 Ergo
883 3284 985 3368 clipeo
1009 3300 1104 3350 suoo

62 3375 233 3456 exceptum
256 3372 409 3456 armigeri
432 3373 554 3454 raptim
577 3372 610 3436 in
633 3374 740 3436 eastra
757 3373 949 3456 referebant,
972 3373 1069 3437 iaeta-

60 3461 185 3526 tionem
209 3461 378 3525 vulnerum
395 3460 483 3526 haud
500 3459 595 3524 facile
613 3461 816 3526 tolerantem.
860 3459 936 3526 Non
959 3464 1103 3526 tament
1195 3477 1198 3482 ⁴

61 3549 200 3614 omisere
213 3547 460 3620 Lacedaemonii
474 3568 618 3632 pugnam
632 3551 674 3633 et,
689 3552 726 3612 ut
739 3550 880 3632 primum
894 3548 957 3612 sibi
971 3570 1068 3631 quam

60 3635 151 3703 hosti
173 3637 360 3723 aequiorem
382 3638 490 3702 losum
513 3657 626 3720 sapere
648 3640 830 3720 potuerunt,
853 3637 994 3701 densatis
1018 3657 1070 3700 or·

871 3741 909 3791 8*
