2600 4096
288 214 541 272 arsroumeuu
559 215 772 271 correnum
790 216 838 284 vr,
859 223 899 272 11.
1044 213 1106 280 147

95 360 253 444 gentibus
272 359 394 444 deinde,
411 363 450 424 ut
463 360 606 424 ordinem
626 359 762 443 cogitati
781 360 911 424 sceleris
925 364 1108 446 exponeret,

98 469 179 512 oum
201 446 256 512 diu
278 448 399 513 Bactra
420 452 585 513 retentura
607 468 716 533 regem
739 448 934 530 viderentur,
960 449 1107 514 timuisse

94 536 283 620 respondit,
309 558 349 601 ne
371 540 465 619 pater
486 553 559 601 Lxx
581 541 677 600 uatus
701 558 815 616 annos,
843 537 927 602 tanti
949 537 1107 604 exercitus

95 624 164 689 dux
180 625 327 709 [tantus],
340 627 451 689 tantae
464 625 619 708 pecuniae
633 628 750 708 custos,
763 625 895 691 interim
910 627 1109 712 extinguere-

95 717 155 778 tur
173 713 300 796 ipsique
318 713 458 794 spoliato
473 713 573 776 tantis
588 713 709 778 viribus
729 714 893 779 occidendi
911 714 997 798 regis
1011 735 1109 779 causa

96 822 167 866 non
186 804 279 865 esset.
309 799 495 866 Festinasse
513 821 590 885 ergo
609 823 652 884 se,
671 801 746 865 dum
764 804 943 884 praemium
956 805 991 868 in
1008 803 1108 868 mnni-

97 891 161 954 bus
181 889 324 972 haberet,
341 893 581 973 repraesentare
600 889 785 954 consilium:
808 891 898 956 cuius
916 895 1042 975 patrem
1059 912 1108 956 en·
1126 903 1160 975 aa

93 983 214 1061 partem
232 978 331 1042 fuisse
349 978 413 1042 nisi
436 977 610 1061 crederent,
631 981 802 1060 tormenta,
826 1001 1022 1064 quamquam
1042 980 1108 1044 iam

97 1066 241 1131 tolerare
271 1087 338 1132 non
368 1069 492 1150 posset,
522 1069 633 1130 tamon
658 1087 724 1130 non
750 1087 906 1133 recusare.
954 1069 1008 1134 Illi
1035 1089 1109 1133 con·
1127 1080 1161 1128 34

98 1155 204 1220 locuti
235 1155 315 1219 satis
346 1154 529 1238 quaesitum
559 1154 663 1219 videri
690 1155 730 1218 ud
759 1173 870 1238 regem
896 1160 1109 1222 revertuntur.

40 1247 88 1310 44
101 1243 166 1318 Qui
187 1248 317 1326 postero
341 1242 392 1307 die
414 1246 460 1326 et,
488 1263 569 1327 quae
592 1241 757 1307 confessus
780 1247 851 1308 erat
873 1242 1033 1328 Philotas,
1060 1268 1108 1310 re-

99 1332 197 1396 citari
225 1334 258 1394 et
284 1331 403 1414 ipsum,
431 1331 508 1414 quia
534 1330 660 1416 ingredi
686 1351 751 1395 non
773 1335 913 1415 poterat,
937 1333 1033 1397 iussit
1055 1334 1108 1397 ad-

98 1419 188 1484 ferri.
233 1416 352 1482 Omnia
373 1419 589 1503 adgnoscente
612 1440 649 1484 eo
672 1417 869 1498 Demetrius,
892 1420 948 1504 qui
969 1422 1158 1505 proximius

100 1507 233 1573 sceleris
256 1507 418 1593 particeps
443 1528 514 1572 esse
535 1508 741 1592 arguebatur,
762 1508 959 1591 producitur.
1003 1508 1110 1573 Multa

100 1595 328 1661 adfirmatione
365 1596 527 1679 animique
563 1596 685 1678 pariter
719 1598 903 1662 constantia
934 1600 968 1661 et
999 1598 1107 1661 vultus

101 1685 258 1767 abnuens,
281 1684 452 1768 quicquam
475 1683 538 1748 sibi
561 1685 596 1747 in
614 1705 724 1768 regem
743 1687 923 1769 cogitatum
942 1707 1021 1767 esse,
1043 1691 1108 1749 tor-

99 1776 212 1838 menta
233 1772 330 1837 etiam
350 1773 544 1855 deposcebat
561 1772 596 1836 in
614 1773 836 1856 semetipsum:
860 1769 932 1838 c'um
950 1773 1107 1855 Philotas,
1127 1787 1159 1834 ae

99 1861 300 1926 circumlatis
322 1861 424 1926 oculis
447 1866 485 1924 ut
507 1859 646 1924 incidere
668 1861 703 1923 in
723 1859 817 1926 Calin
840 1862 998 1945 quendam
1022 1861 1109 1925 haud

98 1949 214 2034 procul
234 1952 384 2032 stantem,
405 1949 537 2032 propius
556 1969 628 2012 eum
647 1949 744 2012 iussit
761 1950 921 2014 accedere.
955 1950 1018 2015 Illo
1037 1973 1108 2034 per-

97 2040 233 2103 turbato
252 2041 286 2101 et
302 2042 471 2102 recusante
489 2036 627 2100 transire
646 2036 686 2100 ad
705 2058 787 2121 eum,
805 2036 977 2120 ‘Patieris',
994 2039 1108 2123 inquit,

100 2125 315 2191 ‘Demetrium
338 2126 467 2189 mentiri
489 2145 663 2208 rursusque
686 2145 737 2188 me
761 2127 971 2191 excruciari‘l'
1012 2125 1109 2193 Calin
1127 2141 1160 2189 37

99 2236 164 2280 vox
182 2215 377 2299 sanguisque
397 2213 581 2278 defecerant
604 2216 636 2277 et
654 2211 855 2280 Macedones*
867 2214 1023 2281 Philotan
1043 2218 1109 2281 iam

97 2304 271 2387 inquinare
302 2303 449 2367 innoxios
482 2303 563 2366 vello
596 2303 857 2385 suspicabantur,
891 2306 968 2388 quia
998 2326 1057 2370 nec
1090 2329 1109 2368 a

98 2391 301 2456 Nicomacho
314 2412 374 2455 nec
390 2391 431 2455 ab
446 2391 517 2475 ipso
531 2389 672 2474 Philota,
690 2413 763 2456 cum
777 2397 992 2476 torqueretur,
1008 2393 1109 2456 nomi-

99 2483 198 2544 natus
216 2483 303 2544 esset
321 2479 522 2544 adulescens:
541 2479 596 2562 qui
614 2482 651 2542 ut
668 2479 850 2562 praefectos
868 2481 955 2564 regis
975 2481 1108 2544 circum-

99 2572 227 2633 stantes
246 2589 281 2632 se
299 2568 390 2651 vidit,
412 2565 614 2631 Demetrium
642 2570 675 2630 et
697 2569 904 2651 semetipsum
928 2567 961 2630 id
983 2568 1107 2632 facinus

98 2657 263 2742 cogitasse
294 2656 460 2721 confessus
490 2659 548 2720 est.
601 2653 720 2719 Omnes
753 2677 830 2740 ergo
863 2678 882 2719 a
908 2652 1107 2721 Nicomacho
1127 2669 1161 2718 38

98 2745 261 2810 nominati
289 2766 379 2809 more
406 2743 511 2827 patrio
539 2743 614 2808 dato
643 2743 738 2829 signo
768 2745 853 2808 saxis
885 2744 994 2808 obruti
1024 2749 1108 2808 sunt.

98 2831 222 2917 Magno
235 2854 303 2898 non
321 2833 446 2916 salutis,
464 2831 520 2897 sed
535 2833 631 2896 etiam
643 2831 783 2897 invidiae
795 2831 936 2914 periculo
951 2832 1107 2898 liberatus
1127 2846 1159 2896 aa

99 2926 172 2987 erat
194 2921 386 2988 Alexander.
432 2920 558 3003 Quippe
580 2919 749 2985 Parmenio
778 2925 811 2984 et
833 2920 993 3000 Philotas,
1020 2923 1107 3005 prin·

99 3010 187 3094 cipes
212 3011 401 3090 amicorum,
423 3008 487 3073 nisi
509 3009 619 3092 palam
642 3013 766 3091 sontes,
793 3008 861 3074 sine
884 3009 1107 3096 indignatione
1126 3025 1160 3074 40

1 3159 2 3166 ,
98 3100 201 3165 totius
225 3099 383 3163 exereitus
405 3119 471 3163 non
493 3096 676 3180 potuissent
698 3097 856 3162 damnari:
883 3099 1006 3183 itaque,
1033 3100 1108 3164 dum

1 3203 2 3242 3
100 3209 220 3271 anceps
247 3188 391 3270 quaestio
418 3185 493 3269 fuit,
519 3185 596 3250 dum
618 3184 777 3250 infitiatus
800 3191 850 3251 est
872 3187 1011 3272 faciuuS,
1039 3209 1107 3252 cru-

1 3265 2 3304 l
99 3276 216 3341 deliter
230 3277 375 3359 torqueri
388 3274 565 3357 videbatur,
583 3277 659 3356 post
676 3274 910 3340 confessionem
926 3277 991 3341 iam
1003 3297 1106 3360 neque

99 3367 279 3431 amicorum
297 3363 445 3429 Philotas
464 3362 716 3427 misericordiam
738 3365 864 3429 meruit.
