2602 4094
230 202 298 268 254
603 203 635 268 Q.
655 202 867 258 1111111111

228 352 266 413 ut
292 347 507 412 validissimas
534 346 667 412 navium
693 347 884 412 deducerent
909 347 944 412 in
970 345 1132 412 Oceanum
1154 369 1225 432 pro·

230 437 407 521 gressique,
435 435 541 519 quoad
566 438 639 500 tuto
662 440 807 519 possent,
834 438 984 501 naturam
1008 437 1107 502 maris
1124 457 1225 500 nosce-

227 530 313 590 rent:
336 525 389 590 vel
411 525 523 589 eodem
546 545 639 588 amne
662 525 713 588 vel
735 523 904 607 Euphrate
928 525 1036 590 subire
1057 545 1111 590 111
1129 545 1226 608 posse,

228 633 301 680 cum
322 613 443 678 reverti
465 612 506 676 ad
528 633 563 676 so
585 612 715 676 vellent.

193 715 210 764 4
315 700 448 785 Iamque
474 700 626 784 mitigata
646 701 752 765 hieme
774 703 808 765 et
829 701 976 784 navibus,
999 721 1082 784 quae
1104 700 1266 769 1111111139

194 789 434 870 ovidebantur,
457 788 607 853 crematis
634 791 721 854 terra
746 789 882 854 ducebat
904 787 1088 854 exercitum.
1129 786 1226 854 Nonis

228 878 343 942 castris
365 878 400 940 in
422 877 587 960 regionem
609 875 784 961 Arabiton,
809 877 883 942 inde
904 877 1041 942 totidem
1066 877 1174 942 diebus
1197 877 1227 940 in

229 963 454 1030 Cedrosiorum
481 969 669 1048 perventum
697 970 754 1030 est
798 965 896 1030 Liber
922 965 975 1030 hic
999 966 1137 1048 populus
1159 985 1227 1029 con·

229 1054 304 1118 cilio
331 1053 443 1118 habito
473 1054 594 1118 dedidit
616 1075 650 1118 se
677 1075 736 1119 nec
764 1055 935 1138 quicquam
962 1053 1080 1118 deditis
1108 1056 1227 1137 praeter

194 1143 462 1207 1111111111111
452 1147 590 1226 rmperat
591 1163 645 1206 um
672 1147 730 1207 est.
771 1140 892 1217 Quinto
857 1141 990 1206 thino
1012 1141 1064 1206 die
1083 1142 1170 1206 venit
1191 1139 1227 1204 ad

228 1230 361 1295 flumen:
390 1230 537 1296 Arabum
562 1231 686 1295 incolae
714 1231 886 1318 appellant
926 1229 1030 1314 Regio
1053 1230 1179 1294 deserta
1198 1232 1227 1291 et

228 1340 384 1403 aquarum
403 1319 496 1402 inops
516 1319 643 1402 excipit.
680 1318 783 1395 Quam
802 1340 949 1383 emensus
969 1319 1002 1382 in
1021 1316 1093 1382 Orit
1079 1322 1129 1383 tas
1147 1321 1227 1381 tran·

228 1408 284 1471 sit:
312 1407 360 1473 ibi
382 1407 536 1472 maiorem
558 1407 715 1472 exercitus
734 1411 860 1490 partem
877 1405 1114 1491 Hephaestioni
1134 1405 1226 1470 tradi·

228 1495 290 1580 dit,
322 1496 424 1561 levem
456 1500 653 1560 armaturam
685 1517 758 1560 oum
789 1495 974 1560 Ptolemaeo
1005 1493 1227 1577 Leonnatoque

194 1546 369 1668 vpartrtus
396 1587 453 1648 ast
499 1583 576 1647 Tria
601 1584 696 1648 simul
721 1584 852 1668 agmina
874 1583 1115 1667 populabantur
1135 1581 1226 1647 Indos

227 1694 429 1774 magnaeque
445 1672 583 1756 praedae
602 1673 693 1737 actae
711 1675 799 1736 sunt:
819 1673 1000 1737 maritimos
1019 1670 1228 1751 Ptolemaeus,

228 1763 386 1826 ceteros
377 1782 446 1844 rpse
473 1783 528 1826 rex
557 1764 590 1824 et
613 1760 653 1825 ab
677 1760 742 1824 alia
764 1766 857 1844 parte
825 1758 1067 1825 teLeonnatus
1089 1760 1227 1824 urebant

227 1849 267 1914 In
283 1850 344 1915 hac
363 1870 490 1934 quoque
509 1851 640 1932 regione
658 1849 771 1914 urbem
789 1849 933 1914 condidit
950 1847 1140 1932 deductique
1159 1850 1228 1912 sunt

167 1946 183 1982 ²⁶
227 1938 356 2002 ineam
379 1937 559 2002 Arachosii.

192 2041 208 2088 1
315 2026 400 2090 Hinc
422 2027 568 2109 pervenit
590 2025 630 2089 ad
649 2026 828 2091 maritimos
846 2025 952 2090 Indos.
989 2024 1160 2090 Desertam
1179 2027 1265 2092 va-ro

229 2116 377 2197 stamque
407 2115 572 2198 regionem
605 2113 672 2178 late
702 2117 814 2178 tenent
846 2135 883 2178 ac
913 2134 954 2178 ne
985 2135 1058 2178 cnm
1087 2111 1226 2176 finitimis

193 2217 210 2264 1
228 2201 357 2285 quidem
380 2203 445 2267 ullo
469 2203 652 2268 commercii
673 2202 742 2266 iure
764 2203 948 2266 miscentur.
992 2199 1070 2284 Ipsa
1091 2199 1225 2266 solitudo

227 2293 344 2356 natura
375 2311 500 2374 quoque
532 2289 672 2355 immitia
699 2289 880 2354 efferavit'
870 2289 1016 2374 ingenia:
1048 2289 1226 2372 prominent

228 2400 352 2466 ungues
381 2399 557 2462 numquam
583 2378 690 2460 recisi,
722 2381 830 2443 comae
857 2378 1001 2442 hirsutae
1024 2383 1058 2443 et
1084 2379 1225 2442 intonsae

179 2483 209 2533 10
228 2473 312 2534 sunt.
357 2467 500 2553 Tuguria
526 2467 657 2532 conchis
684 2471 716 2531 et
742 2489 777 2532 ce
779 2467 856 2531 teris
884 2467 1107 2551 purgamentis
1135 2463 1225 2530 maris

226 2558 292 2624 inst
293 2561 399 2624 ruunt.
375 2554 587 2628 tFerarum
610 2555 748 2640 pellibus
767 2556 845 2620 11111
862 2555 1004 2638 piscibus
1022 2556 1090 2620 sole
1108 2552 1210 2618 durat
1202 2571 1225 2614 rs

227 2651 261 2711 et
286 2648 445 2712 maiorum
482 2665 607 2729 quoque
643 2643 824 2726 beluarum,
860 2664 938 2726 quas
974 2644 1091 2708 fluctus
1129 2641 1226 2721 eiecit,

177 2749 208 2796 11
228 2757 322 2799 carne
348 2737 527 2799 vescuntur.
571 2730 778 2815 Consumptis
809 2693 911 2817 igitur
940 2731 1101 2796 alimentis
1130 2729 1226 2804 Mace

228 2822 326 2888 dones
349 2823 453 2906 primo
474 2821 626 2904 inopiam,
648 2820 762 2884 deinde
785 2820 826 2885 ad
848 2819 998 2884 ultimum
1020 2820 1142 2884 famem
1162 2838 1225 2882 sen-

227 2911 287 2976 tire
310 2916 496 3061 coeperunt,
522 2910 645 2975 radices
671 2909 916 2992 palmarum—
940 2928 1079 2993 namque
1102 2908 1171 2972 sola
1191 2925 1225 2968 ea

176 3014 208 3061 12
227 3000 323 3065 arbor
355 2998 460 3082 gignit
460 3021 561 3062 ur—
582 2998 701 3082 ubique
732 2997 896 3062 rimantes.
942 2995 1017 3079 Sed,
1048 3017 1121 3060 cum
1152 2995 1225 3059 haec

227 3107 353 3173 quoque
376 3087 531 3151 alimenta
554 3085 748 3168 defecerant,
720 3085 913 3150 tiumenta
936 3047 1065 3150 caedere
1086 3080 1225 3169 adgressi

226 3198 267 3241 ne
290 3175 381 3259 equis
410 3173 537 3257 quidem
560 3136 781 3240 abstinebairt:
812 3178 846 3237 et
869 3194 940 3239 cum
963 3174 1123 3257 deessent,
1149 3191 1224 3256 quae

227 3265 369 3329 sarcinas
401 3261 567 3346 veherent,
598 3263 701 3346 spolia
726 3261 766 3327 de
793 3261 955 3344 hostibus,
986 3265 1119 3347 propter
1148 3277 1223 3344 quae

226 3352 344 3418 ultima
381 3350 523 3416 Orientis
558 3354 822 3434 peragraverant,
859 3350 1045 3416 cremabant
1073 3347 1223 3416 incendio.

176 3454 207 3502 13
226 3440 357 3506 Famem
388 3438 502 3505 deinde
529 3440 715 3522 pestilentia
741 3442 850 3504 secuta
877 3443 941 3522 est,
968 3440 1085 3524 quippe
1110 3437 1222 3504 insalu-

226 3530 334 3595 brium
365 3529 509 3593 ciborum
540 3528 617 3592 novi
649 3528 730 3612 suci,
761 3527 801 3592 ad
833 3527 895 3592 hoc
926 3528 1050 3593 itineris
1077 3528 1169 3594 labor
1193 3528 1223 3588 11

227 3615 395 3701 aegritudo
428 3616 528 3679 animi
555 3614 767 3699 vulgaverant
794 3616 925 3681 morbos
956 3622 989 3682 et
1015 3637 1074 3682 nec
1100 3631 1220 3681 manere
