2600 4096
262 214 512 271 HISTORIARUII
529 215 743 272 munuum
763 217 834 281 VIII,
852 222 877 274 5.
896 224 922 273 6.
1028 217 1092 282 201

88 358 299 444 Hermolaus,
320 381 400 443 puer
417 360 537 426 nobilis
556 381 594 425 ex
614 361 705 444 regia
722 359 868 445 cohorte,
890 382 962 427 cum
981 384 1093 446 aprum

88 448 156 513 telo
185 451 387 532 occupasset,
416 469 511 531 quem
538 470 594 513 rex
619 449 718 514 ferire
745 449 975 535 destinaverat,
1004 452 1094 516 iussu

90 538 159 601 eius
178 536 365 604 verberibus
385 535 529 602 adlectus
553 541 609 602 est
647 535 750 613 Quam
769 537 979 623 ignominiam
998 558 1094 624 aegre

88 625 195 690 ferens
214 624 330 690 deflere
344 624 429 708 apud
443 622 626 690 Sostratum
639 625 760 710 coepit:
779 647 817 690 ex
835 626 946 692 eadem
963 626 1094 692 cohorte

89 717 162 778 erat
180 709 355 795 Sostratus,
373 734 484 778 amore
501 713 570 778 eius
588 713 714 778 ardens.
745 712 808 790 Qui
827 735 899 780 cum
917 716 1094 781 laceratum
1112 727 1129 777 a

89 821 219 885 corpus,
241 801 277 865 in
299 821 362 885 quo
386 801 565 885 deperibat,
587 802 779 885 intueretur,
801 802 938 868 forsitan
957 804 1034 869 olim
1052 804 1094 869 ob

90 890 188 954 adam
208 909 332 973 quoque
346 910 477 955 causam
494 890 564 974 regi
581 890 728 974 infestus,
745 891 892 956 iuvenem
906 913 965 957 sua
979 895 1094 976 sponte

88 978 157 1042 iam
175 982 299 1042 motum
317 977 393 1042 datu
410 977 473 1043 fide
491 982 684 1064 acceptaque
702 978 856 1063 perpulit,
876 983 914 1044 ut
932 980 1095 1046 occidendi

89 1086 200 1151 regem
232 1065 403 1130 consilium
434 1086 543 1132 secum
569 1067 677 1131 iniret.
725 1065 794 1131 Nec
825 1067 941 1149 puerili
971 1069 1131 1152 impetus

89 1176 159 1218 rem
183 1153 307 1219 executi
335 1156 424 1219 sunt:
453 1154 570 1238 quippe
592 1155 740 1219 sollerter
761 1156 927 1240 legerunt,
955 1179 1035 1241 quos
1061 1157 1095 1222 in

90 1242 281 1308 societatem
307 1241 437 1308 sceleris
464 1243 684 1309 adsciscerent
732 1241 969 1327 Nicostratum,
1002 1245 1096 1310 Anti·

89 1333 220 1415 patrum
238 1328 568 1416 Asclepiodorumque
591 1334 625 1396 et
641 1330 797 1397 Philotan
816 1332 939 1415 placuit
957 1332 1096 1398 adsumi:

90 1440 149 1503 per
165 1417 227 1484 hos
245 1418 362 1484 adiecti
381 1423 457 1483 sunt
474 1418 633 1504 Anticles,
649 1420 844 1504 Elaptcnius
864 1424 897 1484 et
913 1420 1096 1504 Epimenes.

91 1505 242 1572 Ceterum
271 1506 413 1592 agendae
439 1508 486 1572 rei
516 1506 603 1572 haud
631 1530 706 1573 sane
737 1508 843 1574 facilis
874 1509 1007 1592 patebat
1034 1509 1095 1574 via

91 1595 180 1680 Opus
203 1597 273 1661 erat
295 1594 406 1660 eadem
424 1595 530 1661 omnis
548 1597 732 1662 coniuratos
750 1600 845 1662 nocta
863 1598 1032 1681 excubare,
1054 1618 1095 1662 ne
1116 1609 1148 1657 10

91 1684 133 1748 ab
157 1682 342 1766 expertibus
365 1683 493 1749 consilii
515 1685 747 1767 impedirentur:
776 1685 860 1750 forta
883 1689 991 1752 autem
1013 1685 1096 1750 alius

92 1772 157 1837 alia
173 1775 268 1837 nocte
282 1773 469 1838 excubabat
499 1770 614 1857 Itaque
631 1773 665 1836 in
683 1773 904 1856 permutandis
920 1774 1095 1839 stationum
1116 1786 1147 1834 11

91 1860 217 1924 vicibus
241 1864 410 1945 ceteroque
428 1864 585 1944 apparatu
603 1861 803 1944 exequendae
823 1861 870 1926 rei
888 1880 962 1927 xxx
982 1865 1015 1926 et
1032 1862 1095 1927 duo

47 1946 83 2011 22
92 1947 159 2012 dies
174 1947 338 2032 absumpti
356 1950 439 2013 sunt
465 1948 589 2013 Aderat
600 1970 675 2032 nox,
689 1971 752 2034 qua
766 1949 927 2015 coniurati
941 1950 1096 2016 excubare
1117 1962 1149 2010 12

92 2036 264 2121 debebant,
286 2039 398 2100 mutua
415 2035 478 2101 fide
496 2037 587 2121 laeti,
610 2038 698 2101 cuius
717 2037 942 2102 documentum
960 2042 1011 2104 tot
1028 2039 1096 2104 dies

91 2123 230 2189 fuerant.
265 2123 435 2190 Neminem
453 2127 558 2189 metus
577 2147 689 2208 spesve
705 2129 901 2210 mutaverat,
919 2131 1013 2193 tanta
1030 2149 1096 2193 om·

93 2213 189 2277 nibus
203 2213 254 2277 vel
268 2213 301 2276 in
315 2233 424 2297 regem
437 2213 487 2278 ira
500 2213 551 2278 vel
569 2213 648 2278 fides
661 2214 747 2278 inter
759 2214 848 2298 ipsos
861 2213 932 2280 fuit.
959 2212 1098 2281 Stabant
1118 2227 1150 2275 13

93 2301 193 2386 igitur
217 2300 257 2364 ad
285 2300 372 2366 fores
395 2301 483 2366 aedis
506 2301 587 2385 eius,
613 2303 647 2365 in
671 2324 733 2386 qua
755 2324 811 2368 rex
834 2305 1035 2383 vescebatur,
1062 2308 1097 2369 ut

94 2389 239 2454 convivio
264 2409 427 2475 egressum
449 2389 485 2454 in
505 2390 685 2455 cubiculum
708 2391 906 2456 deducerent.
948 2388 1010 2456 Sed
1032 2391 1149 2457 for-14

93 2480 172 2543 tuna
184 2477 287 2560 ipsius
302 2476 459 2561 simulque
469 2479 668 2561 epulantium
680 2480 815 2544 comitas
829 2478 977 2563 provexit
986 2500 1097 2543 omnes

94 2564 135 2630 ad
151 2564 275 2650 largius
289 2565 412 2630 vinum:
430 2565 499 2630 ludi
517 2568 615 2631 etiam
633 2568 815 2632 convivales
834 2569 999 2631 extraxere
1017 2569 1097 2630 tem·

94 2674 168 2738 pus,
194 2674 280 2718 nunc
306 2652 503 2720 laetantibus
534 2655 724 2739 coniuratis,
755 2652 840 2737 quod
872 2654 1012 2736 sopitum
1044 2653 1098 2718 ad·

95 2742 236 2826 gressuri
255 2745 375 2825 essent,
397 2763 481 2808 nunc
499 2743 662 2825 sollicitis,
683 2763 724 2806 ne
741 2742 776 2806 in
793 2742 897 2806 lucem
915 2742 1098 2807 convivium

95 2830 286 2895 extraheret
318 2829 442 2914 Quippe
461 2830 543 2895 alios
562 2831 596 2894 in
614 2830 787 2895 stationem
805 2830 977 2914 oportebat
993 2831 1097 2915 prima
1117 2841 1151 2891 15

96 2917 163 2984 luce
192 2917 361 2984 succedere
388 2919 531 3003 ipsorum
554 2922 629 3001 post
652 2918 825 3002 septimum
850 2917 934 2983 diem
956 2919 1099 2985 reditura

95 3007 175 3072 vice:
207 3028 268 3072 nec
294 3028 423 3089 sperare
449 3009 601 3089 poterant
626 3005 662 3070 in
688 3006 767 3070 illud
793 3010 922 3090 tempus
949 3007 1098 3073 omnibus

96 3093 280 3161 duraturam
302 3095 407 3160 fidem.
443 3092 594 3159 Ceterum
612 3116 684 3159 cum
706 3094 771 3158 iam
790 3094 846 3158 lux
864 3095 1043 3179 adpeteret,
1066 3098 1098 3160 et
1118 3106 1152 3154 ts

96 3183 276 3249 convivium
295 3183 430 3248 solvitur
449 3186 482 3247 et
499 3184 658 3248 coniurati
676 3186 868 3268 exceperunt
884 3204 1004 3268 regem,
1021 3184 1100 3248 laeti

97 3272 296 3338 occasionem
319 3270 495 3355 exequendi
523 3271 652 3336 sceleris
680 3270 858 3337 admotam:
885 3292 957 3336 cum
984 3271 1100 3337 mulier

98 3361 267 3442 attonitae,
288 3363 326 3426 ut
348 3359 504 3424 creditum
527 3363 592 3442 est,
614 3360 731 3424 mentis
751 3361 931 3425 conversari
954 3361 988 3424 in
1010 3360 1100 3444 regia

98 3448 205 3547 soliqa,
228 3447 303 3532 quia
321 3447 475 3513 instinctu
495 3446 663 3512 videbatur
685 3446 795 3514 futura
817 3447 1012 3531 praedicere,
1034 3469 1100 3513 non

98 3536 235 3601 occurrit
250 3535 345 3601 modo
360 3535 500 3618 abeunti,
519 3536 685 3601 sedetiam
700 3539 802 3601 semet
815 3535 934 3601 obiecit
946 3535 1099 3620 vultuque

99 3626 130 3688 et
151 3624 251 3690 oculis
274 3627 398 3689 motum
420 3623 605 3708 praeferens
628 3623 741 3708 animi,
770 3627 808 3688 nt
828 3623 948 3688 rediret
969 3624 1003 3688 in
1026 3645 1098 3688 con·
