2602 4094
270 232 522 290 fflsroumruu
540 233 754 290 ALEXANDRI
771 235 862 302 VIIII,
881 241 905 290 5.
925 242 949 293 6.
1046 236 1111 300 243

104 381 163 442 sut
180 377 312 461 potest?
343 377 393 443 Eo
411 380 616 466 pervenimus
635 378 812 462 auspicium
827 381 923 464 atque
941 379 1111 463 imperium

103 466 209 531 secuti
238 469 346 550 tuum,
375 466 459 532 unde
490 467 555 532 nisi
585 469 619 531 tc
648 466 763 531 reduce
794 467 877 530 nulli
907 467 947 533 ad
978 471 1111 552 penates

102 575 182 619 suos
208 555 271 619 iter
297 559 355 620 est.
400 553 520 631 Quodsi
547 555 652 620 adbuc
677 555 716 619 de
743 554 883 620 Persidis
910 576 1011 640 regno
1039 577 1111 622 cum
1131 567 1162 619 lo

101 640 213 708 Dareo
236 643 421 728 dimicares,
443 643 505 707 etsi
525 664 620 708 nemo
638 643 749 727 vellet,
771 646 882 708 tamen
899 664 939 709 ne
958 643 1112 709 admirari

102 729 235 814 quidem
257 735 382 817 posset,
403 736 472 796 tem
493 734 661 816 promptae
680 752 750 797 esse
767 735 801 796 te
825 732 865 796 ad
884 753 978 798 omne
1000 733 1111 799 discri-

102 840 182 884 men
200 819 364 886 audaciae:
388 841 465 885 nam
483 819 540 884 ubi
557 819 649 904 paria
667 823 744 884 sunt
764 820 943 903 periculum
961 842 999 886 ec
1018 842 1110 905 prae·

102 907 222 991 mium,
241 912 274 974 et
291 908 437 974 secundis
454 908 551 973 rebus
565 907 704 991 amplior
720 906 844 972 fructus
858 912 955 975 estet
968 910 1109 975 adversis

103 996 263 1061 solacium
281 996 399 1062 maius:
421 999 478 1061 tuo
495 1017 572 1061 vero
591 995 696 1079 capite
718 996 895 1080 ignobilem
916 998 1021 1063 vicum
1040 999 1159 1083 emi,11

104 1085 180 1169 quis
198 1083 283 1149 ferat
299 1106 365 1150 non
383 1089 511 1150 tuorum
530 1083 626 1149 modo
640 1083 794 1166 militum,
817 1084 874 1150 sed
887 1085 987 1151 ullius
1005 1087 1111 1172 gentis

103 1173 265 1237 barbarae
288 1173 381 1255 ciria,
405 1173 459 1257 qui
475 1177 567 1238 tuam
586 1171 838 1258 magnitudinem
855 1174 968 1240 novit?
991 1175 1112 1241 Horret
1132 1187 1163 1236 12

104 1260 235 1326 animus
262 1261 495 1346 cogitationem
521 1261 581 1345 rei,
612 1282 709 1345 quarn
736 1261 833 1344 paulo
861 1264 936 1326 ante
963 1262 1110 1330 vidimus.

103 1348 226 1433 Eloqui
240 1350 348 1433 timeo,
365 1349 477 1414 invicti
491 1350 635 1434 corporis
650 1349 755 1433 spolia
767 1349 980 1415 inertissimas
997 1373 1111 1417 munus

103 1437 207 1502 fuisse
238 1437 428 1522 iniecturus,
462 1438 527 1502 uisi
558 1442 590 1503 te
621 1438 836 1522 interceptum
867 1438 1048 1504 misericors
1077 1441 1112 1504 in

103 1546 167 1591 nos
195 1524 325 1592 fortuna
354 1529 521 1592 servasset.
570 1525 719 1591 'lotidem
749 1526 945 1611 proditores,
975 1526 1111 1592 totidem
1131 1541 1163 1589 1³

105 1614 288 1679 desertores
325 1636 448 1698 sumus,
485 1617 564 1700 quot
594 1618 628 1679 te
657 1637 723 1681 non
757 1615 922 1698 potuimus
951 1617 1111 1701 persequi.

104 1701 284 1768 Universos
311 1703 388 1768 licet
414 1702 536 1768 milites
562 1702 743 1787 ignominia
769 1708 877 1787 notes,
902 1724 997 1768 nemo
1023 1725 1110 1769 rccu-

105 1791 194 1856 sabit
224 1791 314 1856 luere
345 1791 392 1871 id,
428 1791 513 1877 quod
542 1811 582 1855 ne
618 1790 816 1875 admitteret,
851 1795 1015 1875 praestare
1045 1814 1112 1857 non

105 1879 223 1963 potuit.
257 1878 371 1944 Patere
393 1900 467 1961 nos,
490 1900 624 1963 quaeso,
646 1880 711 1944 alio
729 1878 824 1944 modo
846 1901 916 1944 esse
937 1880 1018 1944 viles
1040 1880 1111 1945 tibi.

107 1966 315 2052 Quocumque
351 1968 496 2052 iusseris,
537 1967 663 2032 ibimus.
721 1966 865 2033 Obscura
900 1968 1042 2052 pericula
1077 1972 1110 2034 et
1130 1982 1163 2029 rs

106 2055 269 2140 ignobiles
287 2076 413 2141 pugnas
432 2056 526 2121 nobis
545 2055 757 2139 deposcimus:
777 2059 877 2121 temet
893 2057 1000 2140 ipsum
1017 2057 1058 2122 ad
1072 2079 1111 2123 ea

107 2165 215 2226 serva,
236 2165 320 2227 quae
342 2143 597 2230 magnitudinem
619 2147 710 2208 tuam
732 2144 871 2229 capiunt.
910 2142 984 2212 cito
1007 2146 1112 2230 gloria

107 2232 283 2298 obsolescit
300 2233 335 2297 in
354 2233 492 2299 sordidis
510 2232 660 2297 hostibus
678 2253 737 2297 nec
758 2233 929 2318 quicquam
946 2233 1110 2318 indignius

107 2323 158 2386 est
171 2341 268 2405 quam
288 2321 432 2386 consumi
447 2342 527 2405 eam,
543 2320 599 2386 ubi
613 2341 678 2386 non
690 2323 796 2404 possit
809 2321 956 2387 ostendi?
987 2322 1110 2387 Eadem
1130 2334 1162 2384 15

108 2407 176 2473 fere
189 2408 391 2474 Ptolemaeus
411 2412 444 2474 et
466 2409 586 2474 similia
607 2409 659 2474 his
677 2411 783 2475 ceteri.
817 2409 950 2494 Iamque
969 2411 1110 2475 confusis

106 2496 240 2562 vocibus
272 2498 386 2562 flentes
418 2519 491 2562 eum
523 2498 673 2582 orabant,
704 2502 741 2563 ut
770 2499 902 2562 tandem
933 2499 1110 2562 exsatiatus

108 2584 196 2650 laudi
223 2585 353 2650 modum
379 2584 501 2651 faceret
527 2606 565 2651 ac
587 2585 686 2651 saluti
708 2607 798 2670 suae,
826 2585 859 2649 id
882 2587 933 2649 est
954 2586 1111 2670 publicae,

52 2673 98 2739 25
107 2676 262 2754 parceret
305 2672 407 2739 Grata
432 2677 503 2739 erat
529 2674 600 2758 regi
628 2673 735 2757 pietas
762 2672 947 2738 amicorum.
996 2671 1110 2759 Itaque
1130 2687 1162 2735 16

107 2761 255 2846 singulos
278 2761 470 2827 familiarius
489 2762 655 2847 amplexus
672 2760 835 2826 considere
856 2760 954 2826 iubet.
989 2761 1110 2827 Altius·
1130 2775 1161 2823 rr

108 2870 169 2934 que
188 2871 334 2914 sermone
352 2851 505 2935 repetito,
529 2849 643 2915 ‘Vobis
662 2848 810 2932 quidem’,
832 2849 951 2934 inquit,
974 2848 1005 2915 ‘o
1023 2850 1110 2915 fidis·
1226 2859 1230 2866 '

108 2936 183 3002 simi
205 2938 405 3023 piissimique
428 2939 544 3002 civium
571 2940 667 3020 atque
694 2938 881 3022 amicorum,
910 2941 1021 3023 grates
1048 2959 1110 3023 ago

108 3025 276 3110 habeoque
303 3048 367 3092 non
390 3026 496 3091 solum
519 3026 722 3111 eonomine,
748 3025 833 3109 quod
854 3026 951 3091 hodie
974 3027 1110 3092 salutem

106 3135 212 3178 meam
230 3117 358 3180 vestrae
380 3113 594 3200 praeponitis,
617 3113 673 3178 sed
692 3113 775 3198 quod
794 3136 813 3179 a
829 3113 1014 3199 primordiis
1032 3115 1111 3180 belli

106 3202 233 3266 nullum
257 3224 335 3288 erga
356 3225 408 3268 me
430 3202 667 3268 benivolentiae
691 3202 810 3286 pignus
832 3205 927 3288 atque
955 3202 1109 3268 indicium

107 3290 277 3376 omisistis,
313 3290 393 3356 adeo
425 3294 463 3356 ut
493 3290 708 3355 confitendum
745 3291 789 3356 sit
824 3312 996 3375 numquam
1028 3291 1110 3356 mihi

106 3378 206 3443 vitam
229 3401 336 3444 meam
358 3379 458 3444 fuisse
481 3382 550 3443 tam
572 3401 692 3462 earam,
719 3400 815 3464 quam
838 3400 908 3444 esse
930 3379 1049 3465 coepit,
1072 3382 1109 3444 ut

106 3467 197 3532 robis
221 3468 277 3533 diu
297 3468 363 3533 frui
384 3467 516 3553 possim.
556 3465 707 3532 Ceterum
728 3488 795 3533 non
817 3467 928 3534 eadem
950 3471 1000 3533 est
1021 3469 1160 3553 cogi-18

104 3555 187 3621 tatio
214 3577 338 3641 eorum,
366 3556 421 3640 qui
449 3577 507 3641 pro
535 3577 586 3620 me
613 3557 695 3620 mori
724 3560 852 3640 optant,
881 3559 915 3620 et
941 3576 1027 3639 mea,
1054 3557 1109 3638 qui

105 3644 232 3726 quidem
259 3644 343 3710 hanc
370 3644 619 3710 beniuolentiam
651 3646 791 3709 uestram
813 3645 932 3710 virtute
954 3644 1108 3709 meruisse

893 3747 946 3802 16*
