2582 4098
293 152 544 208 HISTORIARUM
561 152 774 207 ALEXANDRI
791 152 830 220 V,
850 159 875 208 6.
1043 151 1085 216 9¹1

63 298 342 363 aestimabantur.
386 295 585 361 Lacerabant
606 297 710 381 regias
732 299 853 378 vestes,
883 295 923 360 ad
947 317 980 360 se
1003 296 1121 381 quis-c

65 408 140 469 que
174 390 299 469 partem
330 384 508 450 trahentes:
545 385 684 449 dolabris
715 384 872 469 pretiosae
902 385 981 449 artis
1008 407 1086 450 vasa

66 473 270 538 caedebant:
302 473 384 536 nihil
405 494 508 557 neque
529 473 687 537 intactum
709 476 779 536 erat
800 494 902 557 neque
923 473 1086 556 integrum

66 563 258 626 ferebatur:
290 562 428 644 abrupta
449 561 689 626 simulacrorum
712 561 869 645 membra,
895 563 931 624 111
954 562 1086 645 quisque

68 650 246 732 avelleret,
272 649 428 713 trahebat
472 647 584 733 Neque
607 649 742 714 avaritia
764 649 881 731 solum,
911 648 966 713 sed
989 649 1121 719 etiams

70 737 253 802 crudelitas
275 737 311 801 in
333 740 427 819 capta
446 738 524 800 urbe
544 740 690 821 grassata
709 739 770 801 est:
795 759 871 801 auro
891 740 1086 821 argentoque

72 826 193 890 onusti
212 825 288 889 vilia
306 822 503 908 captivorum
521 843 654 908 corpora
670 824 881 906 trucidabant,
902 825 1086 909 passimque

73 912 172 978 obvii
199 914 423 995 caedebantur,
456 934 535 996 quos
563 916 637 977 ante
665 913 804 995 pretium
826 914 875 977 sui
897 913 1087 977 miserabilis

71 1002 212 1065 fecerat.
256 1001 351 1064 Multi
374 1021 449 1085 ergo
472 1000 614 1065 hostium
636 1022 750 1064 manus
777 1001 958 1065 voluntaria
985 1004 1121 1069 morter

75 1093 335 1172 occupaverunt,
369 1088 599 1172 pretiosissima
629 1088 766 1152 vestium
801 1089 906 1153 induti
938 1110 955 1153 0
987 1090 1087 1156 muris

75 1177 273 1260 semetipsos
300 1198 373 1240 cum
400 1177 589 1262 coniugibus
617 1197 654 1240 ac
681 1176 788 1240 liberis
811 1177 846 1240 in
868 1197 1020 1260 praeceps
1043 1179 1087 1241 ia·

77 1266 214 1330 cientes.
246 1263 382 1340 Quidam
399 1265 501 1348 ignes,
519 1264 603 1347 quod
621 1264 717 1347 paulo
735 1267 812 1347 post
828 1264 971 1328 factiuns
985 1265 1088 1331 hostis

76 1352 264 1436 videbatur,
293 1352 494 1416 subiecerant
521 1352 664 1436 aedibus
694 1355 731 1416 ut
753 1373 824 1416 cum
848 1351 1087 1417 0111οή11010-

78 1443 256 1504 111010111111.
289 1439 432 1504 'landem
455 1462 528 1504 suos
551 1462 607 1504 1011
629 1440 815 1524 corporibus
838 1443 871 1503 et
893 1440 980 1503 cultu
998 1440 1086 1504 femi·
1105 1459 1122 1509 8

78 1550 199 1592 narum
221 1528 381 1592 abstinere
404 1528 504 1592 iussit.
543 1527 661 1613 Ingens
685 1529 828 1611 captivae
850 1529 1003 1610 pecuniae
1022 1550 1087 1593 mc-

81 1617 145 1680 dus
166 1616 311 1701 traditur,
332 1637 431 1699 prope
451 1619 489 1680 ut
507 1616 601 1680 fidem
625 1617 765 1681 excedat.
809 1614 957 1681 (laterum
975 1617 1031 1680 aut
1049 1616 1087 1679 de
1106 1635 1122 1683 9

81 1704 157 1768 aliis
180 1725 304 1787 quoque
327 1704 542 1768 dubitabimus
566 1706 622 1768 aut
643 1705 806 1768 credemus
828 1704 863 1767 in
885 1703 980 1766 huius
1000 1704 1088 1767 urbis

82 1813 165 1877 gaza
185 1792 284 1856 fuisse
308 1809 328 1857 c
350 1795 383 1856 et
404 1809 451 1855 xx
471 1793 561 1855 mitro
582 1791 753 1856 talentum:
778 1792 816 1855 ad
840 1811 921 1875 quae
943 1791 1089 1854 vehenda

83 1916 128 1926 -
151 1901 288 1963 namque
310 1879 350 1944 ad
373 1901 450 1944 usus
472 1879 549 1943 belli
571 1901 677 1943 secum
699 1883 827 1962 portare
850 1879 1032 1943 decreverat
1045 1915 1088 1924 -

83 1969 229 2032 iumenta
250 1971 283 2032 et
304 1969 441 2032 camelos
464 1970 496 2030 ct
519 1989 538 2030 a
556 1964 644 2030 Susis
667 1970 700 2030 et
718 1989 736 2030 a
754 1965 922 2049 Babylone
942 1966 1089 2031 contrahi

84 2056 186 2120 iussit.
230 2053 399 2119 Accessere
432 2055 473 2118 ad
502 2055 586 2118 110110
617 2054 770 2137 pecuniae
800 2076 956 2118 summam
986 2055 1087 2139 captis
1107 2072 1140 2120 10

84 2143 275 2228 Parsagadis
310 2164 365 2207 sex
400 2143 489 2206 milia
523 2143 688 2207 talentum.
743 2140 846 2226 (lyrus
880 2139 1087 2228 [Parsagada]

85 2232 197 2296 urbem
229 2231 428 2296 condiderat:
466 2252 561 2314 quam
592 2230 775 2295 Alexandro
809 2232 989 2315 praefectus
1021 2232 1088 2296 cius

88 2319 231 2384 Gobares
253 2319 392 2382 tradidit.

27 2407 76 2474 21
173 2406 243 2471 Rex
270 2428 374 2471 arcem
397 2407 575 2491 Persepolis
602 2407 704 2470 tribus
726 2407 855 2471 milibus
877 2405 1088 2470 Macedonum
1108 2424 1140 2471 11

87 2495 243 2580 praesidio
266 2495 384 2559 relictis
402 2493 615 2558 Nicarchiden
638 2495 723 2558 tueri
740 2495 927 2559 1111101.οΗ
955 2493 1090 2556 Tiridati

89 2604 220 2668 quoque,
238 2583 292 2667 qui
310 2603 422 2668 gazam
439 2583 622 2665 tradiderat,
641 2586 783 2646 servatus
802 2585 851 2645 est
862 2578 977 2662 honos,
995 2601 1088 2662 quem

90 2671 172 2754 apud
194 2670 333 2734 Dareum
355 2671 524 2734 habuerat:
552 2691 731 2754 magnaque
759 2667 915 2732 exercitus
940 2670 1033 2749 parte
1057 2670 1090 2730 et

89 2759 312 2842 inpedimentis
331 2759 377 2822 ibi
394 2759 513 2823 relictis
526 2757 739 2822 Parmeniona
754 2755 981 2838 Craterumque
999 2776 1089 2837 prae-

90 2846 171 2911 fecit.
214 2847 288 2930 Ipse
318 2867 389 2910 cum
415 2846 501 2910 mille
530 2845 690 2930 equitibus
717 2843 921 2928 peditumque
944 2843 1141 2926 expeditam

90 2957 185 2999 manu
210 2933 393 2999 interiorem
416 2933 555 2998 Persidis
577 2933 740 3017 regionem
767 2931 826 2995 sub
848 2931 954 3014 ipsum
975 2929 1089 3015 Vergi-

90 3022 201 3086 liarum
231 3023 318 3086 sidus
345 3022 439 3106 petiit
459 3022 630 3104 multisque
652 3018 808 3083 imbribus
831 3022 864 3082 et
885 3041 983 3103 prope
1006 3019 1089 3083 into·

90 3110 211 3176 lerabili
236 3113 426 3193 tempestate
452 3113 584 3174 vexatus
610 3106 779 3192 procedere
801 3110 925 3184 tamen,
955 3127 1017 3191 quo
1041 3107 1089 3170 in·

90 3197 241 3276 tenderat,
261 3197 487 3281 perseverarit.
526 3195 667 3261 Ventum
690 3198 760 3259 erat
782 3196 822 3260 ad
844 3196 905 3259 iter
927 3195 1088 3278 perpetuis
1109 3214 1141 3263 13

93 3287 227 3352 obsitum
258 3287 399 3369 nivibus,
431 3307 509 3371 quas
535 3284 665 3368 frigoris
692 3283 740 3348 vis
768 3286 842 3368 gelu
869 3282 1089 3366 adstrinxerat,

92 3374 291 3458 locorumque
328 3375 459 3458 squalor
493 3376 526 3436 et
560 3371 748 3436 solitudines
780 3372 885 3436 inviae
917 3371 1090 3455 fatigatum
1225 3444 1228 3450 y

93 3463 221 3528 militem
242 3462 422 3544 terrebant,
449 3461 661 3525 humanarum
682 3481 789 3523 rerum
810 3459 965 3523 terminos
988 3480 1021 3522 se
1043 3458 1089 3521 vi·

93 3537 160 3616 dere
183 3550 371 3614 credentem.
410 3548 525 3614 Omnia
546 3550 638 3612 vasta
661 3552 755 3631 atque
779 3547 846 3610 sinc
869 3546 934 3611 ullo
957 3545 1089 3610 humani

142 3654 231 3696 (lustina
245 3654 326 3694 Rufus.
915 3655 930 3702 7
