2600 4096
534 906 582 1006 Q.
609 904 800 990 OURTI
832 906 984 990 RUFI

631 1059 883 1116 HISTORIARUM

396 1205 835 1321 ALEXANDRI
874 1222 1119 1322 MAGNI

610 1413 900 1480 uncuuours

647 1570 756 1624 LIBER
773 1570 859 1626 VIIII.

694 1712 772 1779 Car.
794 1713 820 1778 Ι.

220 1857 235 1905 1
343 1839 538 1920 Alexander,
563 1841 631 1902 tam
658 1836 859 1901 memorabili
886 1837 1022 1903 victoria
1047 1837 1163 1922 laetus,
1188 1841 1263 1920 qual

256 1929 319 1993 sibi
340 1928 480 1994 Orientis
503 1925 577 1991 finis
596 1928 724 2008 apertos
748 1947 817 1990 esse
840 1927 1005 2010 censebat,
1027 1924 1096 1992 Soli
1117 1925 1241 1991 victimis
1285 1975 1286 2056 q

256 2016 357 2081 caesis
385 2017 505 2080 milites
529 2035 667 2099 quoque,
689 2034 752 2097 quo
774 2013 1026 2097 promptioribus
1049 2014 1161 2079 animis
1181 2013 1241 2077 reli·

256 2126 320 2188 qua
341 2104 419 2168 belli
434 2103 582 2186 obirent,
604 2123 663 2185 pro
686 2101 833 2166 contione
856 2102 1003 2168 laudatos
1025 2102 1145 2186 docuit,
1167 2101 1240 2186 quid·
1284 2113 1285 2171 l

256 2190 333 2276 quid
350 2191 438 2255 Indis
456 2190 573 2255 virium
594 2189 724 2273 fuisset,
746 2189 804 2254 illa
822 2189 1026 2256 dimicatione
1044 2195 1240 2274 prostratum:
1283 2247 1284 2289 q

255 2283 361 2344 cetera
385 2279 526 2363 opimam
547 2277 699 2362 praedam
721 2277 791 2342 fora
810 2278 1048 2362 celebratasque
1071 2301 1147 2364 opes
1165 2280 1195 2342 in
1210 2299 1240 2340 ea
1282 2339 1283 2342 ,

220 2369 386 2454 aregione
405 2367 557 2450 eminere,
580 2387 676 2450 quam
698 2369 853 2449 peterent
889 2365 1028 2430 Proinde
1046 2367 1113 2431 iam
1129 2367 1199 2432 vilia
1214 2369 1239 2428 et
1282 2347 1283 2405 l

256 2458 404 2523 obsoleta
427 2476 497 2520 esse
520 2455 623 2538 spolia
647 2454 685 2518 de
708 2452 828 2518 Persis:
851 2455 988 2538 gemmis
1011 2456 1240 2539 margaritisque
1281 2455 1282 2522 l

256 2549 288 2611 et
318 2567 395 2610 auro
425 2550 520 2629 atque
549 2542 644 2607 ebora
671 2541 892 2606 Macedoniam
917 2541 1159 2627 Graeciamque,
1186 2564 1239 2607 non
1280 2557 1281 2638 q

220 2653 329 2702 asuas
357 2637 484 2698 tantum
515 2631 627 2697 domos
658 2630 816 2713 repletum
843 2630 899 2694 ire.
949 2630 1044 2696 Avidi
1076 2632 1190 2696 milites
1214 2633 1240 2694 et

255 2723 408 2804 pecuniae
439 2724 473 2786 et
504 2719 639 2804 gloriae,
672 2718 767 2782 simul
803 2719 879 2802 quia
910 2740 1084 2803 numquam
1115 2742 1166 2785 eos
1196 2718 1239 2784 ad·
1279 2681 1280 2754 l

255 2807 394 2873 firmatio
414 2809 481 2873 eius
504 2807 678 2890 fefellerat,
700 2806 893 2890 pollicentur
913 2827 1051 2890 operam.
1092 2807 1239 2873 Dimissis-

256 2917 316 2981 que
340 2917 411 2960 eum
432 2896 518 2960 bona
541 2917 597 2979 spe
618 2894 749 2978 navigia
767 2894 965 2959 exaedificari
988 2895 1090 2979 iubet,
1111 2899 1158 2980 ut,
1179 2917 1239 2961 cum

255 2988 358 3049 totam
390 2984 503 3048 Asiam
537 2982 801 3067 percucurrisset‚
837 2982 933 3047 finem
964 2985 1134 3067 terrarum,
1164 3005 1240 3049 mare

221 3072 418 3141 ainviseret
461 3070 565 3136 Multa
591 3071 728 3135 materia
750 3070 873 3134 navalis
897 3070 932 3136 in
958 3071 1113 3154 proximis
1138 3073 1239 3137 monti·

254 3160 316 3224 bus
340 3161 421 3224 erat:
449 3181 544 3243 quam
567 3158 697 3225 caedere
720 3158 865 3242 adgressi
889 3159 1118 3244 magnitudinis
1145 3162 1239 3225 invisi-

221 3266 237 3316 o
255 3250 344 3312 tatae
359 3268 526 3332 repperere
540 3250 712 3331 serpentes.
744 3246 976 3312 Rhinocerotes
995 3269 1129 3332 quoque,
1145 3270 1238 3315 rarum

256 3335 333 3400 alibi
356 3336 491 3420 animal,
513 3336 548 3399 in
569 3334 671 3400 isdem
694 3335 858 3399 montibus
882 3337 983 3400 erant.
1024 3333 1169 3402 Ceterum
1189 3338 1238 3402 hoe

255 3445 372 3488 nomen
394 3424 495 3489 beluis
519 3423 656 3488 inditum
674 3445 694 3487 a
712 3421 857 3502 Graecis,
880 3424 1036 3488 sermonis
1061 3424 1127 3490 eius
1149 3426 1238 3512 ignari

220 3533 237 3581 a
256 3511 343 3576 aliud
369 3512 480 3596 lingua
503 3534 561 3577 sua
583 3513 747 3594 usurpant.
792 3511 861 3575 Rex
884 3511 1006 3577 duabus
1029 3511 1159 3580 urbibus
1180 3538 1238 3581 con

256 3599 332 3663 ditis
369 3599 402 3663 in
439 3602 573 3683 utraque
609 3597 768 3682 fluminis,
804 3597 888 3683 quod
926 3607 1147 3687 superaverat,
1179 3606 1237 3688 ripa
