2552 4108
234 239 486 296 HISTORIARUM
503 240 718 296 ALEXANDRI
734 241 786 308 III,
805 246 830 295 2.
849 245 874 294 3.
1032 238 1054 303 5

46 385 148 468 stere,
174 384 351 470 circumire,
379 386 554 451 discurrere
576 387 611 450 in
633 406 745 467 cornu,
767 385 891 448 mutare
912 403 1055 468 pugnarn

43 493 117 535 non
149 471 244 536 duces
272 472 377 557 magis
405 496 500 558 quem
526 475 645 538 milites
671 473 797 538 callent.
842 471 891 536 Ac
917 493 958 534 ne
985 472 1106 541 aurire

44 560 239 644 argentique
271 561 377 628 studio
406 563 509 627 teneri
534 566 641 646 putes,
672 561 775 625 adhuc
802 559 859 624 illa
887 559 1054 642 disciplina

41 652 238 731 paupertate
260 650 415 734 magistra
438 652 540 715 stetit:
566 650 711 735 fatigatis
733 649 849 713 humus
872 648 975 712 cubile
998 650 1055 731 est,

43 737 151 821 cibus,
174 758 267 820 quem
286 743 490 823 occuparunt,
513 739 619 823 satiat,
641 743 786 820 tempora
805 736 910 801 somni
928 735 1055 819 artiora,

44 846 148 908 quam
170 826 274 889 noctis
297 829 381 892 sunt.
414 827 484 890 Iam
506 826 652 892 Thessali
675 825 796 910 equites
820 827 853 888 et
869 823 1054 888 Acarnanes
1074 844 1107 894 11
1159 827 1163 831 ’

42 912 231 997 Aetolique,
253 913 373 978 invicta
392 914 476 980 bello
494 937 618 998 manus,
640 914 757 997 frmdis,
779 912 882 997 credo,
905 915 937 976 et
954 912 1055 978 hastis

42 1001 124 1085 igne
145 1001 267 1065 duratis
284 1003 491 1085 repellentur!
522 1002 597 1067 Pari
616 1003 731 1068 robore
751 1023 831 1085 opus
851 1003 908 1066 est
943 999 984 1064 In
1001 1000 1056 1067 illa

43 1093 151 1173 terra,
183 1111 263 1173 quae
289 1090 350 1154 hos
377 1091 505 1175 genuit,
536 1091 653 1154 auxilia
681 1088 859 1173 quaerenda
882 1091 971 1154 sunt:
1007 1109 1056 1154 cr·

45 1180 185 1262 gentum
211 1178 297 1241 istud
325 1182 419 1262 atque
451 1201 563 1243 aurum
591 1179 631 1243 ad
658 1178 898 1242 conducendum
924 1176 1055 1240 militem

45 1263 164 1330 mitte'.
207 1264 289 1330 Erat
310 1264 416 1331 Dareo
438 1268 516 1331 mite
543 1289 580 1332 ac
601 1266 769 1331 tractabile
792 1265 970 1349 ingenium,
992 1265 1107 1328 1111111

46 1354 149 1417 etiam
171 1357 320 1418 naturam
342 1356 527 1439 plerumque
545 1356 675 1420 fortuna
692 1356 915 1438 corrumperet.
944 1353 1056 1436 Itaque

45 1441 195 1505 veritatis
221 1441 382 1524 inpatiens
408 1443 567 1527 hospitem
594 1465 631 1508 cc
659 1442 848 1526 supplicem,
878 1444 956 1505 tunc
984 1462 1056 1505 cum

46 1531 189 1592 maxime
215 1530 307 1594 utilia
336 1531 535 1615 suadentem,
566 1531 710 1596 abstrahi
735 1530 830 1595 iussit
857 1529 898 1592 ad
920 1528 1055 1628 capitale

47 1617 362 1791 fttttlmntt
378 1623 542 1790 {titt
565 1616 1107 1773 1111111111

46 1796 139 1876 petet
166 1814 286 1877 poenas
314 1796 439 1859 consilii
461 1797 525 1859 mei
547 1796 645 1878 spreti
667 1797 695 1859 is
718 1795 799 1879 ipse,
828 1796 940 1859 contra
962 1812 1056 1876 quem

45 1882 108 1945 tibi
133 1882 228 1944 suasi.
259 1881 309 1945 Tu
323 1883 450 1967 quidem
463 1883 593 1947 licentia
605 1884 698 1968 regni
710 1886 778 1946 tam
793 1881 899 1946 subito
913 1882 1055 1944 mutatus

47 1967 275 2032 documentum
299 1972 360 2034 eris
383 1971 535 2055 posterla,
556 1971 712 2054 bominac,
735 1992 807 2034 cum
830 1990 863 2033 se
885 1968 1072 2052 permisere,

46 2057 212 2139 fortunae,
239 2057 337 2121 etiam
365 2062 515 2122 naturam
542 2058 721 2123 dediscere?
766 2058 856 2122 Haec
882 2055 1056 2121 vociferan-

47 2147 128 2227 tem,
160 2145 275 2228 quibus
302 2145 494 2228 imperatum
521 2149 602 2226 erat,
633 2147 788 2232 iugulant.
839 2142 916 2210 Sera
943 2143 1055 2208 deinde
1075 2157 1107 2206 19

47 2233 248 2315 paenitentia
275 2234 374 2297 subiit
394 2255 503 2320 regem
527 2256 564 2300 ec
585 2255 661 2299 vera
683 2235 800 2299 dixisse
823 2233 985 2300 coufessus
1009 2254 1055 2297 se·

47 2321 144 2403 peliri
166 2342 240 2385 eum
261 2321 364 2387 iussit

474 2479 635 2546 011111

12 2565 33 2630 6
139 2583 320 2667 Thymodes
348 2589 429 2670 erat,
456 2585 612 2651 Mentoris
634 2586 733 2670 filius,
759 2585 897 2670 impiger
918 2584 1089 2654 iuveniszl

50 2672 102 2735 cui
119 2676 325 2756 praeceptum
348 2676 397 2737 est
419 2696 438 2737 1
461 2695 550 2760 rege,
572 2677 610 2738 ut
632 2695 742 2739 omnes
764 2673 950 2758 peregrinos
973 2673 1054 2737 mili·

48 2762 113 2843 tes,
141 2761 176 2824 in
208 2761 279 2844 quis
311 2761 484 2844 plurimum
514 2763 655 2826 habebat
686 2761 767 2846 spei,
799 2783 818 2825 a
846 2761 1054 2826 Pharnabazo

49 2847 222 2930 acciperet:
247 2871 344 2932 opera
362 2871 471 2914 eorum
490 2872 622 2915 usurum
641 2873 675 2914 se
693 2850 727 2913 in
746 2850 839 2914 bello.
874 2848 942 2933 lpsi
956 2849 1055 2914 Phar·

50 2935 172 3000 nabazo
194 2937 294 3001 tradit
314 2937 494 3022 imperium,
517 2939 601 3023 quod
625 2941 719 3002 antea
730 2936 894 3002 Memnoni
918 2937 1055 3001 dederat.

139 3024 279 3088 Anxium
303 3025 340 3089 de
363 3025 559 3090 instantibus
583 3027 666 3091 curis
690 3026 857 3111 agitabant
880 3026 978 3092 etiam
999 3046 1089 3108 per-2

54 3131 198 3176 somnum
223 3112 344 3196 species
366 3113 604 3178 imminentium
625 3135 747 3198 rerum,
770 3115 836 3179 sive
858 3115 930 3178 illes
954 3113 1054 3198 aegri·

41 3197 140 3280 ¹tudo,
153 3199 217 3264 sive
232 3200 386 3266 divinatio
402 3202 500 3265 animi
513 3202 746 3286 praesagientis
761 3202 913 3266 accersiit.
941 3199 1055 3266 Castra
1073 3222 1089 3270 ³

57 3283 230 3352 Alexandri
252 3309 370 3374 magno
392 3289 477 3374 ignis
500 3289 625 3374 fulgore
648 3291 814 3355 conlucere
838 3290 867 3354 ei
890 3290 959 3354 visa
980 3292 1056 3354 sunt

55 3375 90 3435 et
113 3376 201 3454 paulo
223 3380 299 3460 post
316 3377 496 3442 Alexander
519 3377 632 3442 adduci
654 3379 694 3442 ad
716 3379 823 3462 ipsum
844 3377 878 3440 in
900 3398 938 3442 eo
957 3377 1055 3442 vestis

54 3459 178 3546 habitu,
208 3487 269 3549 quo
301 3467 455 3546 quondum
486 3466 555 3549 ipse
585 3465 712 3545 fuisset,
745 3487 826 3550 equo
859 3464 972 3530 deinde
998 3487 1056 3548 per

55 3545 221 3630 Babylona
252 3557 363 3617 vectus
396 3553 502 3618 subito
534 3575 605 3618 cum
637 3555 708 3638 ipso
740 3575 822 3637 equo
855 3553 954 3617 oculis
986 3573 1054 3616 esse

57 3634 234 3706 subductus.
270 3639 323 3704 Ad
345 3641 424 3706 haee
446 3645 536 3706 vates
558 3643 647 3706 varia
664 3640 928 3725 interpretatione
947 3657 1088 3706 curamt
