2552 4108
213 245 466 303 fflsuoamaun
482 247 697 304 muranum
713 249 766 318 111,
785 257 827 306 12.
847 257 888 306 1³.
1008 251 1051 316 27

41 386 268 456 Parmenionis
290 391 433 456 animum
453 393 586 457 insidias
607 395 752 460 timentis
775 398 808 459 et
826 395 975 480 ignotum
990 395 1052 461 iter

43 478 112 542 sine
136 477 220 543 duce
245 500 313 544 non
334 479 473 545 audebat
493 481 630 566 ingredi.
663 482 822 547 Felicitati
843 487 953 549 tamen
966 485 1051 569 regis

43 567 92 629 sui
114 567 259 631 confisus
282 571 437 653 agrestes,
464 568 519 652 qui
541 570 636 635 duces
657 571 782 636 itineris
806 575 926 655 essent,
949 573 1052 656 excipi

41 653 145 718 iussit
192 653 315 730 Quibus
341 657 486 721 celeriter
509 659 643 740 repertis
668 663 782 744 quarto
806 659 856 723 die
878 658 919 723 ad
940 659 1052 724 urbem

42 742 192 824 pervenit
218 743 285 808 iam
306 747 466 811 metuente
489 745 663 832 praefecto,
693 768 735 812 ne
758 747 819 812 sibi
840 747 919 812 fides
940 747 1052 812 habite

43 849 109 893 non
145 834 243 896 esset
294 832 398 918 Igitur
433 834 524 917 quasi
558 857 672 918 parum
702 835 909 900 munimentis
943 834 1087 920 oppidi5

44 917 144 982 fidens
173 922 252 984 ante
279 921 355 986 solis
384 923 489 986 ortum
515 923 684 1006 pecuniam
710 924 833 1009 regiam
863 959 908 970 —
939 944 1052 1009 gazam

42 1003 158 1070 Persae
181 1012 358 1073 vocant-
371 1030 443 1074 oum
459 1010 698 1094 pretiosissimis
716 1033 823 1076 rerum
837 1011 942 1076 efferri
954 1012 1053 1096 iubet,

44 1093 164 1182 fugam,
187 1097 357 1180 simulans,
387 1119 422 1162 re
448 1119 537 1182 vera,
564 1102 602 1163 ut
629 1099 782 1183 praedam
807 1099 894 1164 hosti
917 1099 1052 1166 offerret

11 1183 38 1246 {4
46 1179 147 1247 Multa
168 1185 262 1248 milia
282 1186 424 1250 virorum
442 1185 694 1270 feminarumque
712 1186 916 1252 excedentem
934 1188 1052 1272 oppido
1071 1193 1087 1241 ⁰

47 1272 275 1358 sequebantur,
303 1273 452 1338 omnibus
478 1275 670 1339 miserabilis
695 1275 792 1340 turbe
817 1278 945 1359 praeter
971 1298 1052 1361 eum,

47 1358 132 1422 cuius
159 1359 238 1424 fidei
265 1361 435 1426 commissa
461 1365 538 1427 erat
583 1362 706 1446 Quippe
736 1384 798 1447 quo
821 1362 925 1427 maior
946 1363 1053 1446 prodi·

47 1445 140 1510 tionis
170 1469 295 1514 merces
322 1449 421 1534 foret,
452 1450 577 1516 obicere
603 1450 691 1516 hosti
716 1449 853 1535 parabat
879 1451 1053 1536 gratiorem

48 1535 133 1598 omni
154 1538 295 1620 pecunia
315 1538 475 1621 praedam,
497 1540 622 1604 nobiles
641 1539 736 1622 viros,
758 1541 941 1622 praetorum
955 1537 1053 1602 Darei

49 1623 197 1708 coniuges
219 1625 409 1710 liberosque,
431 1631 557 1710 praeter
572 1627 633 1692 hos
652 1627 846 1692 Graecarum
863 1627 991 1692 urbium
1009 1627 1053 1690 le·

49 1713 152 1796 gatos,
174 1735 257 1798 quos
279 1713 416 1798 Dareus,
438 1715 526 1779 velut
546 1716 582 1779 in
604 1736 676 1779 aree
697 1715 868 1798 tutissima,
888 1714 925 1777 in
945 1713 1052 1797 prodi-

49 1799 124 1862 toris
145 1802 320 1887 reliquerat
340 1803 497 1867 manibus.
533 1801 705 1887 Gaugabas
718 1802 835 1867 Persae
857 1805 974 1866 vocant
994 1801 1052 1866 hu·
1072 1803 1086 1852 7

50 1887 140 1952 meris
168 1911 269 1955 onera
294 1893 474 1974 portantes:
509 1889 545 1954 hi
571 1911 644 1955 cum
669 1890 796 1954 br'emem
822 1890 957 1954 tolerare
984 1911 1052 1954 non

50 1980 244 2053 possent-
268 1979 384 2062 quippe
410 1979 551 2061 procella
577 1978 684 2042 subito
710 1978 817 2042 nivem
844 1977 998 2042 effuderat
1020 1981 1054 2042 et

51 2057 161 2127 humus
182 2065 312 2152 rigebat
333 2067 407 2151 gelu
428 2069 498 2130 turn
520 2066 730 2131 adstricta-
744 2068 858 2150 vertes,
880 2086 1052 2148 quaecum

52 2152 181 2228 pecunia
207 2154 395 2238 portabant,
425 2175 503 2218 auro
531 2157 564 2218 et
584 2176 727 2238 purpura
747 2153 892 2239 insignes
914 2153 1053 2218 induunt

52 2237 135 2303 nullo
156 2241 325 2324 prohibere
349 2263 442 2324 auso,
465 2263 537 2306 cum
558 2241 690 2306 fortuna
710 2242 796 2327 regis
819 2242 916 2306 etiam
937 2241 1052 2306 humil-

52 2320 131 2390 limis
152 2329 186 2392 in
208 2331 315 2414 ipsum
337 2330 499 2394 licentiam
520 2330 648 2395 faceret.
685 2328 864 2394 Praebuere
881 2350 957 2415 ergo
975 2329 1051 2394 Par·
1070 2332 1087 2381 8

54 2414 187 2481 menioni
218 2439 287 2483 non
313 2418 484 2501 spernendi
510 2418 647 2504 agminis
675 2418 820 2501 speciem.
864 2416 926 2492 Qui
947 2417 1051 2482 inten-

53 2497 127 2565 tiore
165 2526 242 2570 cura
277 2527 352 2570 suos
393 2505 484 2590 quasi
522 2507 562 2570 ad
597 2507 717 2570 iustum
751 2505 908 2589 proelium
941 2505 1051 2587 paucis

54 2586 235 2658 adhortatus
258 2594 348 2678 equis
371 2594 506 2658 calcaria
526 2594 617 2659 iubet
638 2594 772 2659 subdere
795 2596 828 2656 et
846 2591 912 2656 acri
929 2592 1051 2676 impetu

54 2672 85 2736 in
100 2676 227 2746 hostem
245 2683 344 2746 evehi
379 2680 425 2745 At
441 2682 497 2765 illi,
519 2682 590 2766 quis
609 2682 668 2747 sub
687 2680 837 2746 oneribus
850 2683 943 2743 erant
956 2681 1051 2745 omis·
1070 2681 1086 2731 9

56 2761 107 2847 sis,
128 2789 184 2850 per
205 2773 328 2835 metum
351 2773 522 2854 capessunt
542 2770 666 2854 fugam:
697 2769 813 2833 armati
835 2789 974 2853 quoque,
997 2768 1052 2852 qui

56 2869 103 2914 eos
124 2859 407 2942 prosequebantur,
430 2857 541 2923 eodem
562 2861 650 2922 metu
673 2877 762 2920 arma
781 2855 900 2920 iactare
918 2878 956 2921 ao
973 2861 1052 2921 nota

57 2935 240 3010 deverticula
261 2949 370 3030 petere
393 2948 572 3029 coeperunt.
607 2944 800 3028 Praefectus,
823 2945 915 3028 quasi
933 2947 966 3009 et
981 2945 1051 3028 ipre
1071 2946 1103 2995 1⁰

57 3032 248 3118 conterritus,
270 3034 424 3099 simulans
447 3037 562 3098 cuncta
580 3054 699 3116 pavore
720 3032 931 3116 conpleverat
965 3030 1051 3097 Iace·
1176 3031 1179 3037 ’

56 3108 128 3180 bant
151 3123 229 3186 totis
256 3123 376 3206 campis
404 3142 480 3204 opes
507 3120 626 3205 regiae,
657 3121 714 3184 illa
734 3120 870 3203 pecunia
892 3120 1051 3204 stipendio

57 3196 172 3286 ingenti
201 3211 340 3276 militum
368 3213 571 3294 praeparata,
606 3209 661 3272 ille
689 3209 793 3273 cultus
819 3211 870 3273 tot
894 3208 1051 3273 nobilium

58 3287 200 3382 virorum,
228 3301 279 3363 tot
299 3299 472 3362 illustrium
494 3295 698 3381 feminarum,
728 3317 824 3360 aurea
845 3317 936 3380 rasa,
964 3297 1052 3360 aurei
1070 3297 1102 3346 11
1144 3374 1147 3380 Ι

59 3371 141 3464 freni,
160 3386 365 3451 tabernacula
382 3385 485 3470 regali
504 3384 742 3469 magnificentia
760 3386 881 3467 ornata,
903 3384 1050 3449 vehicula

61 3481 173 3552 quoque
209 3497 228 3539 a
262 3473 327 3539 suis
360 3475 525 3556 destituta,
561 3471 702 3557 ingentis
734 3471 915 3555 opulentiae
946 3473 1051 3556 plena,

60 3545 146 3620 facies
168 3562 261 3626 etiam
282 3561 511 3646 praedantibus
532 3559 649 3644 tristis,
676 3560 703 3624 ri
725 3581 788 3644 qua
810 3581 860 3624 res
883 3561 1051 3624 avaritiam

60 3651 231 3715 moraretur.
276 3649 400 3735 Quippe
422 3651 474 3715 tot
501 3669 659 3713 annorum
687 3647 866 3712 incredibili
894 3650 928 3711 et
955 3647 1051 3714 fidem
