2600 4096
182 180 245 244 166
550 180 581 247 Q.
600 181 710 237 OUltTl
727 181 813 237 RUl'l

179 325 304 390 remisit
332 324 470 390 domum.
520 322 642 390 (leteris
670 325 795 410 gratiae
823 329 928 410 actae,
956 326 1040 410 qnod
1067 327 1107 392 ad
1135 348 1186 392 re-

179 414 268 499 liqna
299 413 380 479 belli
415 416 589 478 navaturos
626 435 756 497 operam
791 414 1035 498 pollicebantur.
1085 414 1186 496 [Tum

126 523 160 571 as
178 503 297 567 Bessus
311 502 517 586 perducitur]
553 499 744 566 Perventum
768 505 838 567 erat
850 502 885 566 in
903 503 1074 585 parvulum
1093 504 1187 587 oppi-

179 590 267 656 dum:
288 589 489 655 Branchidae
507 590 574 654 eius
596 591 719 655 incolae
744 593 845 655 erant.
884 589 997 656 Mileto
1019 593 1203 679 quondam,

178 679 268 744 iussn
285 677 416 758 Xerxis,
438 699 510 742 cum
533 677 704 743 eGraecia
724 678 855 763 rediret,
877 679 1073 744 transierant
1091 683 1126 744 et
1149 681 1187 744 in

179 789 217 832 ea
242 768 316 831 sede
340 767 562 847 constiterant,
590 767 666 851 quia
692 766 863 850 templum,
892 766 976 851 quod
999 765 1187 851 Didymeon

125 876 159 925 33
179 856 372 939 appellatur,
408 854 443 919 in
479 854 618 938 gratiam
653 852 769 919 Xerxis
805 854 1014 922 violaverant
1072 855 1186 921 Mores

177 943 275 1028 patrii
304 942 444 1008 nondum
472 942 688 1007 exoleverant:
715 941 771 1006 sed
796 942 863 1006 iam
889 942 1051 1027 bilingues
1080 949 1188 1029 erant,

177 1030 365 1115 paulatima
376 1029 550 1096 domestico
561 1035 691 1096 externo
702 1051 847 1095 sermone
860 1030 1041 1115 degeneres.
1059 1029 1186 1118 Magno

99 1150 102 1156 ¹
177 1120 279 1203 igitur
305 1119 422 1203 gaudio
448 1138 559 1203 regem
581 1118 744 1202 excipiunt
764 1119 878 1183 urbem
900 1140 997 1203 seque
1019 1119 1186 1188 dedentes.

177 1207 238 1272 Ille
265 1205 421 1292 Milesios,
451 1208 507 1291 qui
538 1207 622 1290 apud
653 1207 760 1291 ipsum
787 1207 979 1291 militarent,
1010 1209 1187 1274 convocari

125 1315 159 1364 33
177 1297 276 1362 iubet.
311 1293 412 1360 Vetus
431 1295 539 1360 odium
556 1293 677 1360 Milesii
698 1295 854 1378 gerebant
872 1295 908 1359 in
924 1294 1187 1362 Branchidarum

178 1387 316 1469 gentem.
367 1383 508 1449 Proditis
540 1404 630 1468 ergo,
662 1383 729 1448 sive
760 1383 909 1464 iniuriae,
941 1383 1010 1449 sive
1041 1385 1186 1469 originis

177 1473 360 1538 meminisse
386 1472 532 1555 mallent,
562 1471 699 1536 liberum
730 1470 769 1535 de
795 1470 987 1536 Branchidis
1016 1474 1187 1556 permittit

124 1580 157 1628 31
178 1562 357 1626 arbitrium.
390 1559 598 1626 Variantibus
617 1558 729 1624 deinde
747 1559 916 1624 sententiis
933 1580 969 1624 se
986 1561 1094 1645 ipsum
1109 1583 1187 1627 con·

177 1650 402 1733 sideraturum‚
415 1648 492 1733 quid
502 1649 658 1731 optimum
671 1648 760 1712 factu
770 1652 865 1732 esset,
877 1647 1026 1713 ostendit.
1043 1646 1185 1716 Postero

178 1739 228 1803 die
256 1737 496 1804 occurrentibus
524 1735 713 1800 Branchidis
740 1757 847 1801 secum
876 1737 1047 1820 procedere
1079 1737 1185 1804 iubet.

177 1825 320 1910 Oumqne
345 1825 386 1890 ad
413 1825 526 1889 urbem
553 1827 684 1889 ventum
710 1828 807 1906 esset,
834 1824 903 1908 ipse
930 1846 1003 1889 cum
1029 1825 1186 1908 expedita

122 1933 156 1982 33
175 1936 273 1979 manu
294 1918 423 1998 portam
441 1913 556 1979 intrat:
578 1913 719 1996 phalanx
736 1913 863 1977 moenia
881 1913 991 1996 oppidi
1012 1913 1185 1980 circumire

175 2003 263 2066 iussa
290 2006 323 2066 et
350 2002 425 2065 dato
457 2002 550 2086 signo
580 2000 717 2084 diripere
743 1999 868 2084 urbem,
899 2000 1102 2083 proditorum
1132 2025 1185 2068 re·

123 2108 156 2156 33
176 2088 390 2172 ceptaculum,
416 2088 567 2174 ipsosque
595 2089 634 2154 ad
657 2111 756 2153 unum
778 2087 918 2153 caedere.
961 2088 1016 2153 Illi
1039 2089 1184 2157 inermes

174 2175 298 2261 passim
329 2175 530 2240 trucidantur
560 2199 618 2242 neo
650 2181 707 2241 aut
739 2177 929 2242 commercio
960 2177 1092 2261 linguae
1124 2183 1186 2245 aut

176 2263 356 2350 supplicum
382 2264 572 2328 velamentis
598 2265 807 2349 precibusque
834 2265 974 2329 inhiberi
1001 2265 1184 2334 crudelitas

174 2354 292 2436 potest
336 2351 491 2437 Tandem,
517 2357 555 2417 ut
577 2352 751 2438 deicerent,
777 2352 985 2418 fundamenta
1013 2375 1184 2420 murorum

175 2441 216 2506 ab
240 2439 306 2506 imo
334 2439 522 2524 moliuntur,
548 2462 589 2504 ne
616 2441 701 2524 quod
727 2441 816 2506 urbis
844 2441 1016 2527 vestigium
1043 2447 1182 2510 extaret

122 2549 156 2598 34
173 2529 314 2596 Nemora
345 2549 472 2614 quoqne
502 2529 655 2613 lucosque
682 2551 789 2594 sacros
815 2551 880 2594 non
908 2529 1046 2594 caedunt
1071 2531 1181 2616 mod0,

174 2619 229 2684 sed
248 2621 347 2684 etiam
365 2619 535 2702 extirpant,
553 2621 591 2682 ut
604 2621 696 2683 vasta
711 2617 850 2683 solitudo
870 2620 903 2681 et
920 2617 1041 2682 sterilis
1059 2618 1179 2685 humus

121 2725 155 2774 33
175 2707 314 2771 excussis
338 2707 436 2771 etiam
458 2706 619 2772 radicibus
637 2705 845 2790 linqueretur.
881 2704 969 2781 Quae
989 2706 1017 2771 si
1034 2707 1069 2770 in
1087 2707 1179 2790 ipsos

173 2793 364 2877 proditionis
384 2797 531 2860 auctores
551 2795 734 2879 excogitata
752 2796 871 2878 essent,
891 2794 978 2858 iusta
994 2793 1079 2859 ultio
1098 2817 1179 2880 esse,

174 2903 239 2946 non
253 2881 422 2946 crudelitas
440 2883 613 2947 videretur:
631 2904 715 2946 nuno
734 2883 860 2964 culpam
878 2883 1036 2946 maiorum
1053 2884 1179 2966 posteri

173 2970 275 3051 luere,
298 2969 414 3053 quine
437 2970 583 3036 viderant
606 2969 734 3054 quidem
751 2968 913 3054 Miletum,
935 2969 1007 3035 ideo
1027 2975 1060 3035 et
1076 2969 1177 3036 Xerxi

120 3165 154 3214 33
173 3079 240 3122 non
260 3058 723 3228 iddiepiiddesbibdaedehanaim
741 3168 877 3211 amnem.
914 3145 984 3222 Quo
1002 3146 1175 3231 perductus
1187 3146 1232 3211 24

174 3236 224 3298 est
235 3231 355 3298 Bessus
369 3254 436 3297 non
450 3233 574 3299 vinctus
588 3235 693 3319 modo,
709 3234 764 3298 sed
779 3235 876 3299 ctiam
890 3235 979 3298 omni
992 3235 1177 3302 velamento

173 3321 317 3405 corporis
341 3321 508 3406 spoliatus.
549 3320 748 3406 Spitamenes
772 3345 845 3388 eum
867 3323 999 3388 tenebat
1021 3324 1106 3390 collo
1128 3325 1177 3390 in·

173 3414 260 3474 serta
277 3413 404 3494 catena,
425 3413 495 3474 tarn
518 3410 664 3475 barbaris
684 3433 779 3495 quam
797 3410 1025 3476 Macedonibus
1046 3417 1178 3497 gratum

120 3517 153 3566 as
173 3499 399 3581 spectaculum.
444 3496 526 3561 Tum
559 3495 773 3582 Spitamenes,
810 3498 866 3564 ‘Et
896 3498 950 3583 te’,
981 3499 1099 3584 inquit,
1131 3499 1178 3567 ‘et

171 3585 326 3673 Dareum,
352 3607 445 3672 reges
472 3607 575 3672 meos,
601 3587 688 3652 ultus
716 3587 954 3653 interfectorem
982 3587 1104 3654 domini
1127 3589 1179 3656 sui
