2600 4096
267 186 520 243 msroslarsum
537 185 751 242 maranum
768 185 843 249 vm,
863 192 903 241 11.
920 192 961 241 ra.
1044 186 1108 251 217

106 331 230 418 agmini
256 331 396 396 immixti
417 332 530 416 procul
559 330 765 398 castellorum
793 331 936 396 fecerant
962 330 1110 414 speciem.

105 420 154 484 Ac
168 421 274 504 primo
293 420 475 485 Alexander
488 427 553 484 non
568 419 700 497 socium,
718 418 774 484 sed
791 420 918 484 hostem
936 419 1109 486 adventare
1127 429 1145 480 8

105 508 257 574 credebat
277 507 406 593 iamque
429 507 555 590 etipse
577 529 667 572 arma
690 507 811 572 milites
834 528 946 591 capere
968 510 1002 572 et
1024 509 1111 592 equi·

105 601 157 661 tes
179 595 341 661 discedere
363 596 399 659 in
420 617 540 662 cornua
561 595 713 673 iusserat,
738 600 871 680 paratus
894 596 935 660 ad
956 615 1109 680 pugnam.

105 683 153 749 At
171 683 271 749 lndns
295 684 425 767 cognito
448 681 660 748 Macedonum
684 704 792 748 errore
814 684 912 748 iussis
936 684 1110 750 subsistere

106 772 224 838 ceteris
247 772 318 855 ipse
335 772 477 836 concitat
495 792 620 855 equum,
638 793 702 855 quo
720 771 910 837 vehebatur:
932 771 1019 836 idem
1036 772 1111 838 Ale-

105 861 228 924 rander
245 880 371 944 quoque
388 859 476 942 fecit,
493 859 560 924 sive
578 859 683 924 hostis
702 859 769 924 sive
787 861 910 925 amicus
923 863 1111 943 occurreret,

107 948 160 1014 vol
187 969 247 1013 sua
269 947 388 1014 virtute
411 947 463 1012 val
485 947 574 1012 illius
596 946 659 1012 fide
681 950 780 1012 tutus.
821 946 942 1032 Coiere,
964 949 1050 1033 quod
1073 957 1146 1030 exa

106 1037 274 1120 utriusqus
287 1036 380 1100 vultu
392 1037 504 1120 posset
520 1035 678 1120 intellegi,
692 1035 803 1100 amicis
818 1035 952 1100 animis:
970 1041 1111 1102 ceterum

107 1125 177 1188 sine
208 1124 385 1207 interprete
416 1144 482 1188 non
512 1125 642 1207 poterat
673 1123 798 1188 conseri
828 1145 943 1188 sermo.
996 1122 1112 1209 Itaque

106 1212 255 1277 adhibito
278 1232 317 1275 eo
339 1212 496 1276 barbarus
520 1211 695 1277 occurrisse
719 1233 752 1276 sc
776 1211 858 1275 dixit
880 1233 952 1276 cum
971 1213 1112 1276 exercitu

106 1303 196 1364 totas
218 1299 347 1383 imperii
363 1299 447 1364 vires
465 1300 613 1381 protinus
631 1299 824 1364 traditurum
841 1321 901 1364 nec
919 1304 1112 1384 expectasse,

105 1387 183 1452 dum
196 1409 254 1471 per
266 1388 397 1452 nunbos
410 1387 541 1452 daretur
554 1387 643 1454 fides.
679 1384 803 1471 Oorpus
822 1409 915 1452 suum
930 1391 962 1452 et
975 1407 1111 1472 regnum
1131 1397 1165 1448 ιο

107 1477 297 1560 permittere
323 1476 388 1558 illi,
415 1497 509 1560 quem
536 1476 633 1540 sciret
659 1477 782 1561 gloriae
809 1476 1005 1541 militantem
1028 1475 1112 1540 nihil

59 1583 98 1647 43
108 1565 215 1650 magis
238 1585 333 1648 quam
355 1564 476 1628 famam
497 1564 612 1628 timere
634 1563 794 1647 perfidiae.
842 1562 961 1629 Laetus
989 1565 1112 1647 simpli-

107 1653 207 1717 citate
226 1651 357 1716 barbari
374 1674 431 1717 rex
449 1656 483 1716 et
501 1652 674 1734 dexteram,
692 1651 767 1716 fidei
784 1673 861 1717 suae
878 1652 1006 1735 pignus,
1023 1652 1111 1716 dedit

106 1744 141 1804 et
157 1760 295 1824 regnum
313 1739 465 1804 restituit
503 1757 563 1804 avr
581 1740 747 1822 elephanti
765 1743 865 1824 erant,
883 1761 962 1823 quos
978 1739 1112 1804 tradidit
1131 1749 1160 1799 11

105 1827 300 1912 Alexandro,
318 1829 482 1912 multaque
499 1849 615 1910 pecora
633 1828 768 1893 eximiae
782 1827 1025 1912 magnitudinis,
1041 1832 1112 1892 tau-

107 1939 161 1982 ros
181 1917 283 1980 adm
300 1916 401 1998 milia,
423 1917 602 1999 pretiosum
624 1915 659 1980 in
676 1938 714 1981 ea
731 1917 864 1998 regione
884 1920 1112 1999 acceptumque

108 2006 225 2069 animis
252 2005 456 2089 regnantium
483 2006 672 2068 armentum.
717 2002 891 2079 Quaerenti
917 2004 1112 2087 Alexandro,
1132 2013 1164 2061 12

106 2094 216 2177 plures
248 2093 458 2176 agricultores
486 2092 621 2156 haberet
648 2113 689 2155 an
716 2091 853 2173 milites,
883 2113 956 2156 oum
988 2092 1112 2157 duobus

106 2181 240 2266 regibus
262 2181 398 2244 bellanti
420 2179 484 2244 sibi
506 2179 627 2244 maiore
653 2180 794 2244 militum
818 2201 915 2264 quam
938 2181 1112 2264 agrestium

108 2291 208 2334 manu
232 2290 312 2352 opus
336 2290 405 2333 esse
427 2268 601 2352 respondit
645 2268 798 2332 Abisares
827 2272 859 2332 ct
880 2267 982 2333 Porus
1011 2273 1164 2351 erant,13

108 2358 163 2422 sed
185 2358 223 2422 in
248 2355 333 2421 Poro
358 2356 519 2422 eminebat
541 2357 727 2421 auctoritas.
771 2355 913 2438 Uterque
936 2356 1022 2420 ultra
1044 2355 1112 2438 Hy-

108 2446 233 2528 daspen
259 2465 386 2512 amnem
412 2444 570 2528 regnabat
597 2447 630 2508 et
655 2444 732 2508 belli
758 2443 935 2524 fortunam,
967 2443 1111 2527 quisquis

109 2555 201 2598 arma
214 2532 359 2617 inferret,
376 2533 514 2615 experiri
528 2531 720 2596 decreverat
755 2530 890 2613 Omphis
904 2531 1112 2613 permittente
1132 2539 1165 2588 14

107 2620 295 2686 Alexandro
322 2624 355 2685 et
381 2619 507 2704 regium
529 2619 657 2705 insigne
679 2618 819 2700 sumpsit
841 2621 874 2682 et
894 2638 984 2682 more
1007 2620 1112 2700 gentis

14 2709 15 2756 ἲ
108 2731 187 2775 suae
213 2729 345 2793 nomen,
368 2708 453 2792 quod
479 2709 583 2791 patris
603 2709 722 2772 iuerat:
751 2705 885 2770 Taxilen
912 2706 1113 2789 appellavere

14 2827 15 2832 ¹
107 2798 282 2882 populares
305 2800 457 2881 sequente
477 2797 607 2862 nomine
629 2795 808 2878 imperium,
830 2795 865 2857 in
883 2815 1113 2878 quemcumque

14 2897 15 2930 ³
107 2885 273 2951 transiret
311 2884 418 2968 Igitur
431 2906 503 2949 cum
521 2905 579 2966 per
596 2883 738 2947 triduum
755 2882 961 2964 hospitaliter
976 2882 1113 2946 Alexan·
1134 2890 1166 2940 1⁶

108 2974 204 3039 drum
236 2974 430 3056 accepisset,
461 2979 576 3056 quarto
612 2971 663 3035 die
695 2975 743 3055 et,
775 2975 931 3053 quantum
962 2969 1115 3034 frumenti

108 3061 224 3145 copiis,
243 3082 323 3144 quas
336 3059 560 3144 Hephaestion
576 3060 718 3137 duxerat,
738 3058 919 3142 praebitum
938 3080 957 3123 a
973 3080 1007 3123 se
1022 3063 1115 3141 esset,

109 3149 255 3214 ostendit
285 3152 318 3213 et
349 3170 463 3213 aureas
490 3170 626 3214 coronas
657 3147 721 3231 ipsi
753 3146 927 3232 amicisque
958 3146 1116 3227 omnibus,

109 3242 241 3322 praeter
261 3235 342 3300 haec
365 3236 485 3320 signati
508 3236 633 3319 argenti
650 3252 748 3299 nxxx
765 3235 892 3300 talenta
914 3234 997 3299 dono
1021 3234 1116 3298 dedit.

14 3337 15 3384 1
110 3325 182 3402 Qua
205 3325 405 3410 benignitate
433 3325 501 3388 eius
524 3324 705 3388 Alexander
732 3323 812 3388 mire
835 3324 938 3388 laetus
961 3326 1006 3406 et,
1034 3343 1115 3406 quac
1135 3331 1168 3380 16

14 3429 15 3478 3
109 3413 138 3479 is
162 3413 308 3491 dederat,
332 3413 459 3477 remisit
482 3416 515 3476 et
536 3412 624 3476 mille
647 3412 772 3475 talenta
796 3433 834 3475 ex
859 3410 992 3493 praeda,
1018 3432 1115 3495 quam

14 3533 15 3576 3
109 3500 262 3584 vehebat,
290 3500 409 3566 adiecit
434 3501 602 3583 multaque
628 3498 809 3566 convivalia
834 3519 873 3562 ex
900 3519 979 3563 auro
1006 3503 1040 3563 et
1066 3519 1116 3562 ar·

14 3649 15 3676 ,
111 3593 210 3672 ganto
233 3610 326 3670 vasa,
352 3588 526 3670 plurimum
548 3587 697 3652 Persicae
719 3586 832 3666 vestis,
856 3593 930 3649 xxx
953 3607 1052 3669 equos
1076 3605 1115 3648 cx
