<?xml version="1.0" encoding="UTF-8"?>
<!DOCTYPE html PUBLIC "-//W3C//DTD XHTML 1.0 Transitional//EN"
    "http://www.w3.org/TR/xhtml1/DTD/xhtml1-transitional.dtd">
<html xmlns="http://www.w3.org/1999/xhtml" xml:lang="en" lang="en">
 <head>
  <title>
</title>
<meta http-equiv="Content-Type" content="text/html;charset=utf-8" />
  <meta name='ocr-system' content='tesseract 3.04.00' />
  <meta name='ocr-capabilities' content='ocr_page ocr_carea ocr_par ocr_line ocrx_word'/>
</head>
<body>
  <div class='ocr_page' id='page_1' title='image "./qcurtirufihisto04rufugoog_0315.png"; bbox 0 0 2602 4094; ppageno 0'>
   <div class='ocr_carea' id='block_1_1' title="bbox 293 215 1113 287">
    <p class='ocr_par' dir='ltr' id='par_1_1' title="bbox 293 215 1113 287">
     <span class='ocr_line' id='line_1_1' title="bbox 293 215 1113 287; baseline 0.011 -17"><span class='ocrx_word' id='word_1_1' title='bbox 293 215 557 271; x_wconf 52' lang='lat' dir='ltr'>‘HISTORIARUM</span> <span class='ocrx_word' id='word_1_2' title='bbox 575 217 789 272; x_wconf 84' lang='lat' dir='ltr'><strong>ALEXANDRI</strong></span> <span class='ocrx_word' id='word_1_3' title='bbox 806 217 840 287; x_wconf 88' lang='lat' dir='ltr'>X,</span> <span class='ocrx_word' id='word_1_4' title='bbox 858 223 883 272; x_wconf 86' lang='grc'>8.</span> <span class='ocrx_word' id='word_1_5' title='bbox 902 222 927 272; x_wconf 79' lang='grc'>9.</span> <span class='ocrx_word' id='word_1_6' title='bbox 1046 215 1113 282; x_wconf 81' lang='lat'>283</span> 
     </span>
    </p>
   </div>
   <div class='ocr_carea' id='block_1_2' title="bbox 53 360 1203 3715">
    <p class='ocr_par' dir='ltr' id='par_1_2' title="bbox 53 360 1203 3715">
     <span class='ocr_line' id='line_1_2' title="bbox 103 360 1112 445; baseline 0 -21"><span class='ocrx_word' id='word_1_7' title='bbox 103 360 285 445; x_wconf 88' lang='lat' dir='ltr'>premebat,</span> <span class='ocrx_word' id='word_1_8' title='bbox 308 364 346 425; x_wconf 93' lang='lat' dir='ltr'>ut</span> <span class='ocrx_word' id='word_1_9' title='bbox 369 361 564 444; x_wconf 86' lang='lat' dir='ltr'>opprimeret</span> <span class='ocrx_word' id='word_1_10' title='bbox 586 362 759 426; x_wconf 87' lang='lat' dir='ltr'>incautum.</span> <span class='ocrx_word' id='word_1_11' title='bbox 796 360 886 444; x_wconf 84' lang='lat' dir='ltr'>Ergo</span> <span class='ocrx_word' id='word_1_12' title='bbox 909 360 994 425; x_wconf 89' lang='lat' dir='ltr'>clam</span> <span class='ocrx_word' id='word_1_13' title='bbox 1017 382 1112 444; x_wconf 90' lang='lat' dir='ltr'>quos-</span> 
     </span>
     <span class='ocr_line' id='line_1_3' title="bbox 104 447 1114 534; baseline 0 -22"><span class='ocrx_word' id='word_1_14' title='bbox 104 450 180 512; x_wconf 93' lang='lat' dir='ltr'>dam</span> <span class='ocrx_word' id='word_1_15' title='bbox 201 470 241 513; x_wconf 87' lang='lat' dir='ltr'>ex</span> <span class='ocrx_word' id='word_1_16' title='bbox 260 449 369 533; x_wconf 91' lang='lat' dir='ltr'>copiis,</span> <span class='ocrx_word' id='word_1_17' title='bbox 387 450 503 533; x_wconf 90' lang='lat' dir='ltr'>quibus</span> <span class='ocrx_word' id='word_1_18' title='bbox 521 455 678 533; x_wconf 89' lang='lat' dir='ltr'>praeerat,</span> <span class='ocrx_word' id='word_1_19' title='bbox 697 450 894 534; x_wconf 86' lang='lat' dir='ltr'>subornavit,</span> <span class='ocrx_word' id='word_1_20' title='bbox 912 453 949 513; x_wconf 91' lang='lat' dir='ltr'>ut</span> <span class='ocrx_word' id='word_1_21' title='bbox 963 485 1003 496; x_wconf 91' lang='lat'>—</span> <span class='ocrx_word' id='word_1_22' title='bbox 1020 447 1114 532; x_wconf 87' lang='lat' dir='ltr'>quasi</span> 
     </span>
     <span class='ocr_line' id='line_1_4' title="bbox 104 536 1112 624; baseline -0.001 -23"><span class='ocrx_word' id='word_1_23' title='bbox 104 539 273 624; x_wconf 75' lang='lat' dir='ltr'>ignoraret</span> <span class='ocrx_word' id='word_1_24' title='bbox 299 537 433 620; x_wconf 91' lang='lat' dir='ltr'>ipse-</span> <span class='ocrx_word' id='word_1_25' title='bbox 464 542 733 621; x_wconf 81' lang='lat' dir='ltr'>conquererentur</span> <span class='ocrx_word' id='word_1_26' title='bbox 761 539 884 621; x_wconf 87' lang='lat' dir='ltr'>palam,</span> <span class='ocrx_word' id='word_1_27' title='bbox 913 536 1112 620; x_wconf 83' lang='lat' dir='ltr'>Meleagrum</span> 
     </span>
     <span class='ocr_line' id='line_1_5' title="bbox 105 624 1147 710; baseline -0.004 -20"><span class='ocrx_word' id='word_1_28' title='bbox 105 630 280 710; x_wconf 87' lang='lat' dir='ltr'>aequatum</span> <span class='ocrx_word' id='word_1_29' title='bbox 302 646 373 690; x_wconf 90' lang='lat' dir='ltr'>esse</span> <span class='ocrx_word' id='word_1_30' title='bbox 394 624 573 691; x_wconf 81' lang='lat' dir='ltr'>Perdiccae.</span> <span class='ocrx_word' id='word_1_31' title='bbox 610 625 753 703; x_wconf 80' lang='lat' dir='ltr'>Quorum</span> <span class='ocrx_word' id='word_1_32' title='bbox 780 647 927 691; x_wconf 88' lang='lat' dir='ltr'>sermone</span> <span class='ocrx_word' id='word_1_33' title='bbox 949 625 1113 710; x_wconf 85' lang='lat' dir='ltr'>Meleager</span> <span class='ocrx_word' id='word_1_34' title='bbox 1131 636 1147 684; x_wconf 78' lang='grc'>9</span> 
     </span>
     <span class='ocr_line' id='line_1_6' title="bbox 106 713 1114 799; baseline 0 -21"><span class='ocrx_word' id='word_1_35' title='bbox 106 714 147 778; x_wconf 91' lang='lat' dir='ltr'>ad</span> <span class='ocrx_word' id='word_1_36' title='bbox 175 735 208 777; x_wconf 91' lang='lat' dir='ltr'>se</span> <span class='ocrx_word' id='word_1_37' title='bbox 235 715 338 778; x_wconf 88' lang='lat' dir='ltr'>relato</span> <span class='ocrx_word' id='word_1_38' title='bbox 369 713 479 778; x_wconf 82' lang='lat' dir='ltr'>furens</span> <span class='ocrx_word' id='word_1_39' title='bbox 506 715 555 778; x_wconf 89' lang='lat' dir='ltr'>ira</span> <span class='ocrx_word' id='word_1_40' title='bbox 583 714 767 798; x_wconf 85' lang='lat' dir='ltr'>Perdiccae,</span> <span class='ocrx_word' id='word_1_41' title='bbox 798 736 879 798; x_wconf 87' lang='lat' dir='ltr'>quae</span> <span class='ocrx_word' id='word_1_42' title='bbox 907 715 1114 799; x_wconf 77' lang='lat' dir='ltr'>conperisset,</span> 
     </span>
     <span class='ocr_line' id='line_1_7' title="bbox 105 801 1115 887; baseline 0.002 -22"><span class='ocrx_word' id='word_1_43' title='bbox 105 801 247 885; x_wconf 79' lang='lat' dir='ltr'>exponit</span> <span class='ocrx_word' id='word_1_44' title='bbox 292 801 354 866; x_wconf 87' lang='lat' dir='ltr'>Ille</span> <span class='ocrx_word' id='word_1_45' title='bbox 380 802 469 866; x_wconf 81' lang='lat' dir='ltr'>velut</span> <span class='ocrx_word' id='word_1_46' title='bbox 491 823 575 868; x_wconf 84' lang='lat' dir='ltr'>nova</span> <span class='ocrx_word' id='word_1_47' title='bbox 591 823 627 866; x_wconf 90' lang='lat' dir='ltr'>re</span> <span class='ocrx_word' id='word_1_48' title='bbox 646 804 816 867; x_wconf 84' lang='lat' dir='ltr'>exterritus</span> <span class='ocrx_word' id='word_1_49' title='bbox 835 803 1000 883; x_wconf 89' lang='lat' dir='ltr'>admirari,</span> <span class='ocrx_word' id='word_1_50' title='bbox 1022 803 1115 887; x_wconf 90' lang='lat' dir='ltr'>queri</span> 
     </span>
     <span class='ocr_line' id='line_1_8' title="bbox 105 890 1114 974; baseline 0 -20"><span class='ocrx_word' id='word_1_51' title='bbox 105 890 309 974; x_wconf 86' lang='lat' dir='ltr'>dolentisque</span> <span class='ocrx_word' id='word_1_52' title='bbox 342 891 481 973; x_wconf 90' lang='lat' dir='ltr'>speciem</span> <span class='ocrx_word' id='word_1_53' title='bbox 508 894 669 956; x_wconf 84' lang='lat' dir='ltr'>ostentare</span> <span class='ocrx_word' id='word_1_54' title='bbox 693 892 722 954; x_wconf 92' lang='lat' dir='ltr'>ei</span> <span class='ocrx_word' id='word_1_55' title='bbox 750 892 868 974; x_wconf 86' lang='lat' dir='ltr'>coepit:</span> <span class='ocrx_word' id='word_1_56' title='bbox 901 892 941 956; x_wconf 89' lang='lat' dir='ltr'>ad</span> <span class='ocrx_word' id='word_1_57' title='bbox 963 891 1114 956; x_wconf 86' lang='lat' dir='ltr'>ultimum</span> 
     </span>
     <span class='ocr_line' id='line_1_9' title="bbox 104 978 1113 1063; baseline 0.001 -21"><span class='ocrx_word' id='word_1_58' title='bbox 104 979 270 1061; x_wconf 86' lang='lat' dir='ltr'>convenit,</span> <span class='ocrx_word' id='word_1_59' title='bbox 296 983 334 1043; x_wconf 93' lang='lat' dir='ltr'>ut</span> <span class='ocrx_word' id='word_1_60' title='bbox 365 978 698 1063; x_wconf 84' lang='lat' dir='ltr'>conprehenderentur</span> <span class='ocrx_word' id='word_1_61' title='bbox 729 982 796 1044; x_wconf 87' lang='lat' dir='ltr'>tam</span> <span class='ocrx_word' id='word_1_62' title='bbox 828 979 1000 1046; x_wconf 80' lang='lat' dir='ltr'>seditiosae</span> <span class='ocrx_word' id='word_1_63' title='bbox 1025 979 1113 1044; x_wconf 82' lang='lat' dir='ltr'>vocis</span> 
     </span>
     <span class='ocr_line' id='line_1_10' title="bbox 107 1066 1166 1153; baseline 0.001 -23"><span class='ocrx_word' id='word_1_64' title='bbox 107 1070 265 1132; x_wconf 86' lang='lat' dir='ltr'>auctores.</span> <span class='ocrx_word' id='word_1_65' title='bbox 305 1066 385 1151; x_wconf 86' lang='lat' dir='ltr'>Agit</span> <span class='ocrx_word' id='word_1_66' title='bbox 406 1066 571 1152; x_wconf 85' lang='lat' dir='ltr'>Meleager</span> <span class='ocrx_word' id='word_1_67' title='bbox 593 1068 713 1151; x_wconf 87' lang='lat' dir='ltr'>gratiae</span> <span class='ocrx_word' id='word_1_68' title='bbox 737 1067 963 1153; x_wconf 86' lang='lat' dir='ltr'>amplexusque</span> <span class='ocrx_word' id='word_1_69' title='bbox 987 1067 1166 1133; x_wconf 66' lang='lat' dir='ltr'>Perdis-10</span> 
     </span>
     <span class='ocr_line' id='line_1_11' title="bbox 106 1154 1114 1221; baseline 0.003 -3"><span class='ocrx_word' id='word_1_70' title='bbox 106 1176 178 1218; x_wconf 88' lang='lat' dir='ltr'>cam</span> <span class='ocrx_word' id='word_1_71' title='bbox 211 1154 308 1218; x_wconf 86' lang='lat' dir='ltr'>fidem</span> <span class='ocrx_word' id='word_1_72' title='bbox 342 1155 411 1220; x_wconf 91' lang='lat' dir='ltr'>eius</span> <span class='ocrx_word' id='word_1_73' title='bbox 442 1156 478 1220; x_wconf 91' lang='lat' dir='ltr'>in</span> <span class='ocrx_word' id='word_1_74' title='bbox 509 1177 543 1220; x_wconf 91' lang='lat' dir='ltr'>se</span> <span class='ocrx_word' id='word_1_75' title='bbox 575 1177 613 1221; x_wconf 89' lang='lat' dir='ltr'>ac</span> <span class='ocrx_word' id='word_1_76' title='bbox 644 1155 895 1221; x_wconf 87' lang='lat' dir='ltr'>benivolentiam</span> <span class='ocrx_word' id='word_1_77' title='bbox 933 1156 1114 1221; x_wconf 87' lang='lat' dir='ltr'>conlaudat</span> 
     </span>
     <span class='ocr_line' id='line_1_12' title="bbox 106 1243 1166 1327; baseline 0.001 -20"><span class='ocrx_word' id='word_1_78' title='bbox 106 1243 190 1307; x_wconf 82' lang='lat' dir='ltr'>Tum</span> <span class='ocrx_word' id='word_1_79' title='bbox 222 1243 384 1308; x_wconf 91' lang='lat' dir='ltr'>communi</span> <span class='ocrx_word' id='word_1_80' title='bbox 411 1244 546 1310; x_wconf 91' lang='lat' dir='ltr'>consilio</span> <span class='ocrx_word' id='word_1_81' title='bbox 578 1245 738 1308; x_wconf 88' lang='lat' dir='ltr'>rationem</span> <span class='ocrx_word' id='word_1_82' title='bbox 771 1244 971 1327; x_wconf 90' lang='lat' dir='ltr'>opprimendi</span> <span class='ocrx_word' id='word_1_83' title='bbox 998 1245 1113 1310; x_wconf 84' lang='lat' dir='ltr'>noxios</span> <span class='ocrx_word' id='word_1_84' title='bbox 1134 1252 1166 1301; x_wconf 86' lang='lat'>11</span> 
     </span>
     <span class='ocr_line' id='line_1_13' title="bbox 106 1331 1115 1416; baseline 0.001 -21"><span class='ocrx_word' id='word_1_85' title='bbox 106 1332 228 1396; x_wconf 90' lang='lat' dir='ltr'>ineunt.</span> <span class='ocrx_word' id='word_1_86' title='bbox 260 1331 373 1396; x_wconf 86' lang='lat' dir='ltr'>Placet</span> <span class='ocrx_word' id='word_1_87' title='bbox 395 1333 570 1397; x_wconf 82' lang='lat' dir='ltr'>exercitum</span> <span class='ocrx_word' id='word_1_88' title='bbox 592 1333 698 1416; x_wconf 87' lang='lat' dir='ltr'>patrio</span> <span class='ocrx_word' id='word_1_89' title='bbox 722 1353 811 1397; x_wconf 90' lang='lat' dir='ltr'>more</span> <span class='ocrx_word' id='word_1_90' title='bbox 833 1333 966 1397; x_wconf 87' lang='lat' dir='ltr'>lustrari</span> <span class='ocrx_word' id='word_1_91' title='bbox 989 1337 1023 1396; x_wconf 91' lang='lat' dir='ltr'>et</span> <span class='ocrx_word' id='word_1_92' title='bbox 1044 1354 1115 1415; x_wconf 90' lang='lat' dir='ltr'>pro·</span> 
     </span>
     <span class='ocr_line' id='line_1_14' title="bbox 106 1419 1167 1504; baseline 0.001 -21"><span class='ocrx_word' id='word_1_93' title='bbox 106 1419 225 1484; x_wconf 85' lang='lat' dir='ltr'>babilis</span> <span class='ocrx_word' id='word_1_94' title='bbox 258 1441 355 1484; x_wconf 88' lang='lat' dir='ltr'>causa</span> <span class='ocrx_word' id='word_1_95' title='bbox 386 1420 557 1485; x_wconf 81' lang='lat' dir='ltr'>videbatur</span> <span class='ocrx_word' id='word_1_96' title='bbox 587 1421 763 1504; x_wconf 87' lang='lat' dir='ltr'>praeterita</span> <span class='ocrx_word' id='word_1_97' title='bbox 794 1421 963 1485; x_wconf 89' lang='lat' dir='ltr'>discordia.</span> <span class='ocrx_word' id='word_1_98' title='bbox 1012 1419 1167 1485; x_wconf 76' lang='lat' dir='ltr'>Mace-12</span> 
     </span>
     <span class='ocr_line' id='line_1_15' title="bbox 107 1508 1117 1593; baseline 0 -21"><span class='ocrx_word' id='word_1_99' title='bbox 107 1509 227 1572; x_wconf 90' lang='lat' dir='ltr'>donum</span> <span class='ocrx_word' id='word_1_100' title='bbox 262 1528 355 1593; x_wconf 88' lang='lat' dir='ltr'>reges</span> <span class='ocrx_word' id='word_1_101' title='bbox 391 1508 439 1572; x_wconf 88' lang='lat' dir='ltr'>ita</span> <span class='ocrx_word' id='word_1_102' title='bbox 478 1509 618 1574; x_wconf 90' lang='lat' dir='ltr'>lustrare</span> <span class='ocrx_word' id='word_1_103' title='bbox 654 1509 744 1574; x_wconf 89' lang='lat' dir='ltr'>soliti</span> <span class='ocrx_word' id='word_1_104' title='bbox 784 1513 878 1574; x_wconf 89' lang='lat' dir='ltr'>erant</span> <span class='ocrx_word' id='word_1_105' title='bbox 913 1509 1048 1593; x_wconf 83' lang='lat' dir='ltr'>milites,</span> <span class='ocrx_word' id='word_1_106' title='bbox 1078 1511 1117 1572; x_wconf 92' lang='lat' dir='ltr'>ut</span> 
     </span>
     <span class='ocr_line' id='line_1_16' title="bbox 106 1595 1115 1681; baseline 0 -21"><span class='ocrx_word' id='word_1_107' title='bbox 106 1597 260 1661; x_wconf 87' lang='lat' dir='ltr'>discissae</span> <span class='ocrx_word' id='word_1_108' title='bbox 284 1597 373 1661; x_wconf 88' lang='lat' dir='ltr'>canis</span> <span class='ocrx_word' id='word_1_109' title='bbox 395 1597 520 1662; x_wconf 82' lang='lat' dir='ltr'>viscera</span> <span class='ocrx_word' id='word_1_110' title='bbox 542 1598 656 1663; x_wconf 91' lang='lat' dir='ltr'>ultimo</span> <span class='ocrx_word' id='word_1_111' title='bbox 679 1598 714 1662; x_wconf 91' lang='lat' dir='ltr'>in</span> <span class='ocrx_word' id='word_1_112' title='bbox 735 1619 864 1680; x_wconf 90' lang='lat' dir='ltr'>campo,</span> <span class='ocrx_word' id='word_1_113' title='bbox 888 1597 923 1662; x_wconf 92' lang='lat' dir='ltr'>in</span> <span class='ocrx_word' id='word_1_114' title='bbox 947 1619 1041 1681; x_wconf 90' lang='lat' dir='ltr'>quem</span> <span class='ocrx_word' id='word_1_115' title='bbox 1065 1595 1115 1660; x_wconf 91' lang='lat' dir='ltr'>de-</span> 
     </span>
     <span class='ocr_line' id='line_1_17' title="bbox 107 1685 1116 1770; baseline -0.001 -21"><span class='ocrx_word' id='word_1_116' title='bbox 107 1685 276 1750; x_wconf 89' lang='lat' dir='ltr'>duceretur</span> <span class='ocrx_word' id='word_1_117' title='bbox 299 1686 470 1769; x_wconf 84' lang='lat' dir='ltr'>exereitus,</span> <span class='ocrx_word' id='word_1_118' title='bbox 494 1686 535 1750; x_wconf 88' lang='lat' dir='ltr'>ab</span> <span class='ocrx_word' id='word_1_119' title='bbox 557 1689 693 1770; x_wconf 88' lang='lat' dir='ltr'>utraque</span> <span class='ocrx_word' id='word_1_120' title='bbox 716 1686 879 1751; x_wconf 90' lang='lat' dir='ltr'>abicerent</span> <span class='ocrx_word' id='word_1_121' title='bbox 900 1690 1007 1770; x_wconf 89' lang='lat' dir='ltr'>parte,</span> <span class='ocrx_word' id='word_1_122' title='bbox 1029 1685 1116 1749; x_wconf 89' lang='lat' dir='ltr'>intra</span> 
     </span>
     <span class='ocr_line' id='line_1_18' title="bbox 107 1773 1115 1858; baseline 0 -21"><span class='ocrx_word' id='word_1_123' title='bbox 107 1773 142 1838; x_wconf 92' lang='lat' dir='ltr'>id</span> <span class='ocrx_word' id='word_1_124' title='bbox 165 1773 306 1856; x_wconf 89' lang='lat' dir='ltr'>spatium</span> <span class='ocrx_word' id='word_1_125' title='bbox 328 1775 446 1837; x_wconf 90' lang='lat' dir='ltr'>armati</span> <span class='ocrx_word' id='word_1_126' title='bbox 469 1795 580 1839; x_wconf 89' lang='lat' dir='ltr'>omnes</span> <span class='ocrx_word' id='word_1_127' title='bbox 603 1777 741 1858; x_wconf 91' lang='lat' dir='ltr'>starent,</span> <span class='ocrx_word' id='word_1_128' title='bbox 766 1773 843 1838; x_wconf 93' lang='lat' dir='ltr'>hinc</span> <span class='ocrx_word' id='word_1_129' title='bbox 865 1775 1001 1858; x_wconf 85' lang='lat' dir='ltr'>equites,</span> <span class='ocrx_word' id='word_1_130' title='bbox 1023 1774 1115 1837; x_wconf 93' lang='lat' dir='ltr'>illinc</span> 
     </span>
     <span class='ocr_line' id='line_1_19' title="bbox 53 1860 1168 1946; baseline -0.004 -16"><span class='ocrx_word' id='word_1_131' title='bbox 53 1867 96 1930; x_wconf 86' lang='lat'>29</span> <span class='ocrx_word' id='word_1_132' title='bbox 107 1860 260 1946; x_wconf 86' lang='lat' dir='ltr'>phalanx.</span> <span class='ocrx_word' id='word_1_133' title='bbox 307 1860 422 1945; x_wconf 89' lang='lat' dir='ltr'>Itaque</span> <span class='ocrx_word' id='word_1_134' title='bbox 454 1883 491 1926; x_wconf 91' lang='lat' dir='ltr'>eo</span> <span class='ocrx_word' id='word_1_135' title='bbox 524 1861 589 1946; x_wconf 91' lang='lat' dir='ltr'>die,</span> <span class='ocrx_word' id='word_1_136' title='bbox 620 1883 716 1946; x_wconf 93' lang='lat' dir='ltr'>quem</span> <span class='ocrx_word' id='word_1_137' title='bbox 747 1862 822 1926; x_wconf 93' lang='lat' dir='ltr'>huic</span> <span class='ocrx_word' id='word_1_138' title='bbox 853 1883 943 1927; x_wconf 89' lang='lat' dir='ltr'>sacro</span> <span class='ocrx_word' id='word_1_139' title='bbox 975 1863 1115 1926; x_wconf 86' lang='lat' dir='ltr'>destina·</span> <span class='ocrx_word' id='word_1_140' title='bbox 1135 1870 1168 1918; x_wconf 83' lang='grc'>13</span> 
     </span>
     <span class='ocr_line' id='line_1_20' title="bbox 108 1950 1116 2036; baseline -0.002 -21"><span class='ocrx_word' id='word_1_141' title='bbox 108 1955 234 2034; x_wconf 81' lang='lat' dir='ltr'>verant,</span> <span class='ocrx_word' id='word_1_142' title='bbox 267 1969 324 2013; x_wconf 85' lang='lat' dir='ltr'>rex</span> <span class='ocrx_word' id='word_1_143' title='bbox 355 1970 427 2014; x_wconf 88' lang='lat' dir='ltr'>cum</span> <span class='ocrx_word' id='word_1_144' title='bbox 460 1951 620 2033; x_wconf 89' lang='lat' dir='ltr'>equitibus</span> <span class='ocrx_word' id='word_1_145' title='bbox 651 1951 896 2035; x_wconf 88' lang='lat' dir='ltr'>elephantisque</span> <span class='ocrx_word' id='word_1_146' title='bbox 928 1950 1116 2036; x_wconf 81' lang='lat' dir='ltr'>constiterat</span> 
     </span>
     <span class='ocr_line' id='line_1_21' title="bbox 109 2037 1168 2124; baseline 0 -22"><span class='ocrx_word' id='word_1_147' title='bbox 109 2041 223 2103; x_wconf 90' lang='lat' dir='ltr'>contra</span> <span class='ocrx_word' id='word_1_148' title='bbox 244 2037 382 2122; x_wconf 90' lang='lat' dir='ltr'>pedites,</span> <span class='ocrx_word' id='word_1_149' title='bbox 405 2039 477 2123; x_wconf 92' lang='lat' dir='ltr'>quis</span> <span class='ocrx_word' id='word_1_150' title='bbox 500 2038 663 2123; x_wconf 89' lang='lat' dir='ltr'>Meleager</span> <span class='ocrx_word' id='word_1_151' title='bbox 684 2044 841 2122; x_wconf 89' lang='lat' dir='ltr'>praeerat.</span> <span class='ocrx_word' id='word_1_152' title='bbox 877 2038 946 2103; x_wconf 87' lang='lat' dir='ltr'>Iam</span> <span class='ocrx_word' id='word_1_153' title='bbox 970 2044 1115 2124; x_wconf 86' lang='lat' dir='ltr'>equestre</span> <span class='ocrx_word' id='word_1_154' title='bbox 1135 2047 1168 2094; x_wconf 86' lang='lat'>14</span> 
     </span>
     <span class='ocr_line' id='line_1_22' title="bbox 110 2127 1115 2210; baseline -0.001 -18"><span class='ocrx_word' id='word_1_155' title='bbox 110 2147 228 2210; x_wconf 86' lang='lat' dir='ltr'>agmen</span> <span class='ocrx_word' id='word_1_156' title='bbox 251 2127 441 2192; x_wconf 87' lang='lat' dir='ltr'>movebatur</span> <span class='ocrx_word' id='word_1_157' title='bbox 461 2130 494 2190; x_wconf 91' lang='lat' dir='ltr'>et</span> <span class='ocrx_word' id='word_1_158' title='bbox 516 2128 654 2210; x_wconf 89' lang='lat' dir='ltr'>pedites,</span> <span class='ocrx_word' id='word_1_159' title='bbox 677 2128 785 2192; x_wconf 88' lang='lat' dir='ltr'>subita</span> <span class='ocrx_word' id='word_1_160' title='bbox 805 2128 978 2192; x_wconf 81' lang='lat' dir='ltr'>tormidine</span> <span class='ocrx_word' id='word_1_161' title='bbox 1002 2128 1045 2193; x_wconf 89' lang='lat' dir='ltr'>ob</span> <span class='ocrx_word' id='word_1_162' title='bbox 1066 2149 1115 2191; x_wconf 91' lang='lat' dir='ltr'>re·</span> 
     </span>
     <span class='ocr_line' id='line_1_23' title="bbox 108 2214 1117 2301; baseline 0 -21"><span class='ocrx_word' id='word_1_163' title='bbox 108 2219 236 2280; x_wconf 90' lang='lat' dir='ltr'>centem</span> <span class='ocrx_word' id='word_1_164' title='bbox 267 2214 461 2280; x_wconf 89' lang='lat' dir='ltr'>discordiam</span> <span class='ocrx_word' id='word_1_165' title='bbox 495 2214 582 2279; x_wconf 90' lang='lat' dir='ltr'>haud</span> <span class='ocrx_word' id='word_1_166' title='bbox 614 2237 690 2280; x_wconf 89' lang='lat' dir='ltr'>sane</span> <span class='ocrx_word' id='word_1_167' title='bbox 720 2217 828 2301; x_wconf 89' lang='lat' dir='ltr'>pacati</span> <span class='ocrx_word' id='word_1_168' title='bbox 860 2217 1032 2300; x_wconf 91' lang='lat' dir='ltr'>quicquam</span> <span class='ocrx_word' id='word_1_169' title='bbox 1064 2238 1117 2280; x_wconf 85' lang='lat' dir='ltr'>ex·</span> 
     </span>
     <span class='ocr_line' id='line_1_24' title="bbox 108 2303 1117 2387; baseline 0.001 -19"><span class='ocrx_word' id='word_1_170' title='bbox 108 2308 286 2387; x_wconf 83' lang='lat' dir='ltr'>pectantes,</span> <span class='ocrx_word' id='word_1_171' title='bbox 313 2324 487 2387; x_wconf 89' lang='lat' dir='ltr'>parumper</span> <span class='ocrx_word' id='word_1_172' title='bbox 512 2303 752 2384; x_wconf 83' lang='lat' dir='ltr'>addubitavere,</span> <span class='ocrx_word' id='word_1_173' title='bbox 779 2327 821 2369; x_wconf 91' lang='lat' dir='ltr'>an</span> <span class='ocrx_word' id='word_1_174' title='bbox 848 2305 882 2368; x_wconf 92' lang='lat' dir='ltr'>in</span> <span class='ocrx_word' id='word_1_175' title='bbox 909 2306 1021 2369; x_wconf 89' lang='lat' dir='ltr'>urbem</span> <span class='ocrx_word' id='word_1_176' title='bbox 1045 2304 1117 2369; x_wconf 92' lang='lat' dir='ltr'>sub·</span> 
     </span>
     <span class='ocr_line' id='line_1_25' title="bbox 109 2390 1117 2478; baseline 0.002 -23"><span class='ocrx_word' id='word_1_177' title='bbox 109 2392 261 2456; x_wconf 89' lang='lat' dir='ltr'>ducerent</span> <span class='ocrx_word' id='word_1_178' title='bbox 288 2392 411 2474; x_wconf 87' lang='lat' dir='ltr'>copias:</span> <span class='ocrx_word' id='word_1_179' title='bbox 442 2390 560 2476; x_wconf 92' lang='lat' dir='ltr'>quippe</span> <span class='ocrx_word' id='word_1_180' title='bbox 586 2415 646 2476; x_wconf 91' lang='lat' dir='ltr'>pro</span> <span class='ocrx_word' id='word_1_181' title='bbox 674 2392 838 2478; x_wconf 89' lang='lat' dir='ltr'>equitibus</span> <span class='ocrx_word' id='word_1_182' title='bbox 862 2393 1014 2476; x_wconf 88' lang='lat' dir='ltr'>planities</span> <span class='ocrx_word' id='word_1_183' title='bbox 1038 2395 1117 2457; x_wconf 89' lang='lat' dir='ltr'>erat</span> 
     </span>
     <span class='ocr_line' id='line_1_26' title="bbox 109 2478 1169 2563; baseline -0.003 -18"><span class='ocrx_word' id='word_1_184' title='bbox 109 2478 262 2545; x_wconf 83' lang='lat' dir='ltr'>Ceterum</span> <span class='ocrx_word' id='word_1_185' title='bbox 284 2480 394 2563; x_wconf 82' lang='lat' dir='ltr'>veriti,</span> <span class='ocrx_word' id='word_1_186' title='bbox 418 2501 458 2544; x_wconf 92' lang='lat' dir='ltr'>ne</span> <span class='ocrx_word' id='word_1_187' title='bbox 480 2484 601 2545; x_wconf 88' lang='lat' dir='ltr'>temere</span> <span class='ocrx_word' id='word_1_188' title='bbox 625 2482 881 2546; x_wconf 88' lang='lat' dir='ltr'>commilitonum</span> <span class='ocrx_word' id='word_1_189' title='bbox 909 2481 1005 2544; x_wconf 90' lang='lat' dir='ltr'>fidem</span> <span class='ocrx_word' id='word_1_190' title='bbox 1028 2480 1169 2543; x_wconf 79' lang='lat' dir='ltr'>dam-15</span> 
     </span>
     <span class='ocr_line' id='line_1_27' title="bbox 108 2567 1116 2653; baseline -0.001 -20"><span class='ocrx_word' id='word_1_191' title='bbox 108 2573 238 2652; x_wconf 76' lang='lat' dir='ltr'>natent,</span> <span class='ocrx_word' id='word_1_192' title='bbox 265 2568 437 2634; x_wconf 89' lang='lat' dir='ltr'>substitere</span> <span class='ocrx_word' id='word_1_193' title='bbox 463 2571 664 2653; x_wconf 90' lang='lat' dir='ltr'>praeparatis</span> <span class='ocrx_word' id='word_1_194' title='bbox 690 2569 730 2634; x_wconf 91' lang='lat' dir='ltr'>ad</span> <span class='ocrx_word' id='word_1_195' title='bbox 752 2568 968 2633; x_wconf 90' lang='lat' dir='ltr'>dimicandum</span> <span class='ocrx_word' id='word_1_196' title='bbox 991 2567 1116 2650; x_wconf 86' lang='lat' dir='ltr'>animis,</span> 
     </span>
     <span class='ocr_line' id='line_1_28' title="bbox 111 2656 1116 2741; baseline -0.003 -19"><span class='ocrx_word' id='word_1_197' title='bbox 111 2658 235 2741; x_wconf 90' lang='lat' dir='ltr'>siquis</span> <span class='ocrx_word' id='word_1_198' title='bbox 259 2657 325 2721; x_wconf 83' lang='lat' dir='ltr'>vim</span> <span class='ocrx_word' id='word_1_199' title='bbox 347 2657 489 2721; x_wconf 87' lang='lat' dir='ltr'>inferret.</span> <span class='ocrx_word' id='word_1_200' title='bbox 523 2657 594 2722; x_wconf 90' lang='lat' dir='ltr'>Iam</span> <span class='ocrx_word' id='word_1_201' title='bbox 617 2659 747 2741; x_wconf 86' lang='lat' dir='ltr'>agmina</span> <span class='ocrx_word' id='word_1_202' title='bbox 770 2656 900 2721; x_wconf 90' lang='lat' dir='ltr'>coibant</span> <span class='ocrx_word' id='word_1_203' title='bbox 919 2677 1116 2740; x_wconf 88' lang='lat' dir='ltr'>parvumque</span> 
     </span>
     <span class='ocr_line' id='line_1_29' title="bbox 109 2744 1117 2830; baseline -0.001 -20"><span class='ocrx_word' id='word_1_204' title='bbox 109 2745 317 2810; x_wconf 84' lang='lat' dir='ltr'>intervallum</span> <span class='ocrx_word' id='word_1_205' title='bbox 358 2750 440 2830; x_wconf 88' lang='lat' dir='ltr'>erat,</span> <span class='ocrx_word' id='word_1_206' title='bbox 480 2746 565 2830; x_wconf 90' lang='lat' dir='ltr'>quod</span> <span class='ocrx_word' id='word_1_207' title='bbox 607 2747 708 2809; x_wconf 88' lang='lat' dir='ltr'>aciem</span> <span class='ocrx_word' id='word_1_208' title='bbox 745 2748 916 2828; x_wconf 88' lang='lat' dir='ltr'>utramque</span> <span class='ocrx_word' id='word_1_209' title='bbox 952 2744 1117 2809; x_wconf 87' lang='lat' dir='ltr'>divideret.</span> 
     </span>
     <span class='ocr_line' id='line_1_30' title="bbox 108 2833 1169 2918; baseline -0.002 -19"><span class='ocrx_word' id='word_1_210' title='bbox 108 2834 223 2918; x_wconf 90' lang='lat' dir='ltr'>Itaque</span> <span class='ocrx_word' id='word_1_211' title='bbox 250 2856 307 2899; x_wconf 84' lang='lat' dir='ltr'>rex</span> <span class='ocrx_word' id='word_1_212' title='bbox 334 2856 407 2898; x_wconf 91' lang='lat' dir='ltr'>cum</span> <span class='ocrx_word' id='word_1_213' title='bbox 434 2856 499 2897; x_wconf 89' lang='lat' dir='ltr'>una</span> <span class='ocrx_word' id='word_1_214' title='bbox 526 2834 579 2897; x_wconf 88' lang='lat' dir='ltr'>ala</span> <span class='ocrx_word' id='word_1_215' title='bbox 607 2833 794 2917; x_wconf 86' lang='lat' dir='ltr'>obequitare</span> <span class='ocrx_word' id='word_1_216' title='bbox 816 2833 978 2916; x_wconf 89' lang='lat' dir='ltr'>peditibus</span> <span class='ocrx_word' id='word_1_217' title='bbox 1001 2833 1116 2916; x_wconf 89' lang='lat' dir='ltr'>coepit,</span> <span class='ocrx_word' id='word_1_218' title='bbox 1137 2843 1169 2890; x_wconf 84' lang='grc'>16</span> 
     </span>
     <span class='ocr_line' id='line_1_31' title="bbox 111 2920 1116 3006; baseline -0.001 -20"><span class='ocrx_word' id='word_1_219' title='bbox 111 2922 289 2987; x_wconf 87' lang='lat' dir='ltr'>discordiae</span> <span class='ocrx_word' id='word_1_220' title='bbox 312 2928 473 3004; x_wconf 89' lang='lat' dir='ltr'>auctores,</span> <span class='ocrx_word' id='word_1_221' title='bbox 497 2943 577 3006; x_wconf 90' lang='lat' dir='ltr'>quos</span> <span class='ocrx_word' id='word_1_222' title='bbox 598 2923 683 2986; x_wconf 90' lang='lat' dir='ltr'>tueri</span> <span class='ocrx_word' id='word_1_223' title='bbox 699 2922 767 3006; x_wconf 89' lang='lat' dir='ltr'>ipse</span> <span class='ocrx_word' id='word_1_224' title='bbox 785 2920 937 3004; x_wconf 89' lang='lat' dir='ltr'>debebat,</span> <span class='ocrx_word' id='word_1_225' title='bbox 960 2921 1116 2986; x_wconf 89' lang='lat' dir='ltr'>instinctu</span> 
     </span>
     <span class='ocr_line' id='line_1_32' title="bbox 108 3010 1117 3094; baseline -0.003 -18"><span class='ocrx_word' id='word_1_226' title='bbox 108 3010 280 3076; x_wconf 92' lang='lat' dir='ltr'>Perdiccae</span> <span class='ocrx_word' id='word_1_227' title='bbox 300 3011 340 3076; x_wconf 90' lang='lat' dir='ltr'>ad</span> <span class='ocrx_word' id='word_1_228' title='bbox 358 3011 517 3094; x_wconf 89' lang='lat' dir='ltr'>supplicia</span> <span class='ocrx_word' id='word_1_229' title='bbox 535 3011 722 3093; x_wconf 90' lang='lat' dir='ltr'>deposcens:</span> <span class='ocrx_word' id='word_1_230' title='bbox 741 3010 987 3092; x_wconf 89' lang='lat' dir='ltr'>minabaturque</span> <span class='ocrx_word' id='word_1_231' title='bbox 1006 3029 1117 3074; x_wconf 90' lang='lat' dir='ltr'>omnes</span> 
     </span>
     <span class='ocr_line' id='line_1_33' title="bbox 109 3098 1117 3181; baseline -0.003 -17"><span class='ocrx_word' id='word_1_232' title='bbox 109 3103 233 3164; x_wconf 87' lang='lat' dir='ltr'>turmas</span> <span class='ocrx_word' id='word_1_233' title='bbox 266 3121 338 3164; x_wconf 89' lang='lat' dir='ltr'>cum</span> <span class='ocrx_word' id='word_1_234' title='bbox 371 3098 551 3181; x_wconf 88' lang='lat' dir='ltr'>elephantis</span> <span class='ocrx_word' id='word_1_235' title='bbox 579 3099 782 3164; x_wconf 89' lang='lat' dir='ltr'>inducturum</span> <span class='ocrx_word' id='word_1_236' title='bbox 812 3120 846 3163; x_wconf 91' lang='lat' dir='ltr'>se</span> <span class='ocrx_word' id='word_1_237' title='bbox 868 3099 903 3163; x_wconf 92' lang='lat' dir='ltr'>in</span> <span class='ocrx_word' id='word_1_238' title='bbox 924 3101 1117 3162; x_wconf 89' lang='lat' dir='ltr'>recusantes.</span> 
     </span>
     <span class='ocr_line' id='line_1_34' title="bbox 110 3186 1169 3273; baseline -0.002 -20"><span class='ocrx_word' id='word_1_239' title='bbox 110 3186 294 3273; x_wconf 85' lang='lat' dir='ltr'>Stupebant</span> <span class='ocrx_word' id='word_1_240' title='bbox 323 3187 487 3272; x_wconf 86' lang='lat' dir='ltr'>inproviso</span> <span class='ocrx_word' id='word_1_241' title='bbox 518 3187 605 3252; x_wconf 90' lang='lat' dir='ltr'>malo</span> <span class='ocrx_word' id='word_1_242' title='bbox 637 3187 762 3272; x_wconf 89' lang='lat' dir='ltr'>pedites</span> <span class='ocrx_word' id='word_1_243' title='bbox 793 3209 853 3251; x_wconf 92' lang='lat' dir='ltr'>nec</span> <span class='ocrx_word' id='word_1_244' title='bbox 882 3187 956 3270; x_wconf 91' lang='lat' dir='ltr'>plus</span> <span class='ocrx_word' id='word_1_245' title='bbox 983 3187 1018 3251; x_wconf 94' lang='lat' dir='ltr'>in</span> <span class='ocrx_word' id='word_1_246' title='bbox 1044 3186 1117 3270; x_wconf 91' lang='lat' dir='ltr'>ipso</span> <span class='ocrx_word' id='word_1_247' title='bbox 1137 3196 1169 3244; x_wconf 81' lang='grc'>17</span> 
     </span>
     <span class='ocr_line' id='line_1_35' title="bbox 109 3275 1118 3361; baseline -0.003 -20"><span class='ocrx_word' id='word_1_248' title='bbox 109 3275 275 3361; x_wconf 85' lang='lat' dir='ltr'>Meleagro</span> <span class='ocrx_word' id='word_1_249' title='bbox 298 3281 369 3341; x_wconf 89' lang='lat' dir='ltr'>erat</span> <span class='ocrx_word' id='word_1_250' title='bbox 391 3280 448 3340; x_wconf 90' lang='lat' dir='ltr'>aut</span> <span class='ocrx_word' id='word_1_251' title='bbox 469 3276 596 3340; x_wconf 88' lang='lat' dir='ltr'>consilii</span> <span class='ocrx_word' id='word_1_252' title='bbox 619 3280 675 3340; x_wconf 90' lang='lat' dir='ltr'>aut</span> <span class='ocrx_word' id='word_1_253' title='bbox 698 3276 806 3341; x_wconf 90' lang='lat' dir='ltr'>animi.</span> <span class='ocrx_word' id='word_1_254' title='bbox 842 3275 1055 3339; x_wconf 79' lang='lat' dir='ltr'>Tutissimum</span> <span class='ocrx_word' id='word_1_255' title='bbox 1078 3296 1118 3338; x_wconf 83' lang='lat' dir='ltr'>ex</span> 
     </span>
     <span class='ocr_line' id='line_1_36' title="bbox 109 3364 1203 3448; baseline -0.004 -19"><span class='ocrx_word' id='word_1_256' title='bbox 109 3366 334 3448; x_wconf 88' lang='lat' dir='ltr'>praesentibus</span> <span class='ocrx_word' id='word_1_257' title='bbox 357 3364 526 3429; x_wconf 83' lang='lat' dir='ltr'>videbatur</span> <span class='ocrx_word' id='word_1_258' title='bbox 549 3367 715 3447; x_wconf 86' lang='lat' dir='ltr'>expectare</span> <span class='ocrx_word' id='word_1_259' title='bbox 739 3365 848 3448; x_wconf 87' lang='lat' dir='ltr'>potius</span> <span class='ocrx_word' id='word_1_260' title='bbox 871 3385 967 3447; x_wconf 89' lang='lat' dir='ltr'>quam</span> <span class='ocrx_word' id='word_1_261' title='bbox 990 3383 1118 3428; x_wconf 87' lang='lat' dir='ltr'>movere</span> <span class='ocrx_word' id='word_1_262' title='bbox 1200 3402 1203 3407; x_wconf 89' lang='lat'>-</span> 
     </span>
     <span class='ocr_line' id='line_1_37' title="bbox 108 3451 1170 3536; baseline -0.008 -18"><span class='ocrx_word' id='word_1_263' title='bbox 108 3453 282 3518; x_wconf 87' lang='lat' dir='ltr'>fortunam.</span> <span class='ocrx_word' id='word_1_264' title='bbox 332 3453 416 3517; x_wconf 79' lang='lat' dir='ltr'>Turn</span> <span class='ocrx_word' id='word_1_265' title='bbox 446 3451 610 3536; x_wconf 85' lang='lat' dir='ltr'>Perdicca,</span> <span class='ocrx_word' id='word_1_266' title='bbox 642 3457 679 3517; x_wconf 92' lang='lat' dir='ltr'>ut</span> <span class='ocrx_word' id='word_1_267' title='bbox 704 3456 869 3535; x_wconf 90' lang='lat' dir='ltr'>torpentes</span> <span class='ocrx_word' id='word_1_268' title='bbox 900 3457 932 3516; x_wconf 91' lang='lat' dir='ltr'>et</span> <span class='ocrx_word' id='word_1_269' title='bbox 961 3453 1117 3517; x_wconf 86' lang='lat' dir='ltr'>obnoxios</span> <span class='ocrx_word' id='word_1_270' title='bbox 1137 3461 1170 3510; x_wconf 85' lang='lat'>18</span> 
     </span>
     <span class='ocr_line' id='line_1_38' title="bbox 109 3540 1118 3627; baseline -0.002 -22"><span class='ocrx_word' id='word_1_271' title='bbox 109 3541 205 3627; x_wconf 82' lang='lat' dir='ltr'>vidit,</span> <span class='ocrx_word' id='word_1_272' title='bbox 232 3558 296 3609; x_wconf 88' lang='lat' dir='ltr'>ccc</span> <span class='ocrx_word' id='word_1_273' title='bbox 318 3543 399 3625; x_wconf 87' lang='lat' dir='ltr'>fere,</span> <span class='ocrx_word' id='word_1_274' title='bbox 427 3543 482 3626; x_wconf 88' lang='lat' dir='ltr'>qui</span> <span class='ocrx_word' id='word_1_275' title='bbox 511 3540 709 3626; x_wconf 86' lang='lat' dir='ltr'>Meleagrum</span> <span class='ocrx_word' id='word_1_276' title='bbox 732 3543 951 3624; x_wconf 88' lang='lat' dir='ltr'>erumpentem</span> <span class='ocrx_word' id='word_1_277' title='bbox 978 3563 1017 3605; x_wconf 86' lang='lat' dir='ltr'>ex</span> <span class='ocrx_word' id='word_1_278' title='bbox 1044 3561 1118 3604; x_wconf 91' lang='lat' dir='ltr'>eon·</span> 
     </span>
     <span class='ocr_line' id='line_1_39' title="bbox 108 3627 1119 3715; baseline -0.003 -20"><span class='ocrx_word' id='word_1_279' title='bbox 108 3631 212 3714; x_wconf 89' lang='lat' dir='ltr'>tione,</span> <span class='ocrx_word' id='word_1_280' title='bbox 240 3653 322 3715; x_wconf 91' lang='lat' dir='ltr'>quae</span> <span class='ocrx_word' id='word_1_281' title='bbox 347 3631 455 3715; x_wconf 88' lang='lat' dir='ltr'>prima</span> <span class='ocrx_word' id='word_1_282' title='bbox 476 3629 591 3695; x_wconf 91' lang='lat' dir='ltr'>habita</span> <span class='ocrx_word' id='word_1_283' title='bbox 613 3633 664 3694; x_wconf 92' lang='lat' dir='ltr'>est</span> <span class='ocrx_word' id='word_1_284' title='bbox 685 3633 911 3714; x_wconf 86' lang='lat' dir='ltr'>postmortem</span> <span class='ocrx_word' id='word_1_285' title='bbox 932 3627 1119 3705; x_wconf 85' lang='lat' dir='ltr'>Alexandri,</span> 
     </span>
    </p>
   </div>
   <div class='ocr_carea' id='block_1_3' title="bbox 0 0 1311 4094">
    <p class='ocr_par' dir='ltr' id='par_1_3' title="bbox 0 0 1311 4094">
     <span class='ocr_line' id='line_1_40' title="bbox 0 0 1311 4094; baseline 0 0"><span class='ocrx_word' id='word_1_286' title='bbox 0 0 1311 4094; x_wconf 95' lang='lat' dir='ltr'> </span> 
     </span>
    </p>
   </div>
  </div>
 </body>
</html>
