2600 4096
273 197 524 254 mercarentur
541 198 754 254 ALEXANDRI
772 199 845 269 VIII,
866 205 906 256 10.
1029 198 1094 262 213

87 341 196 426 moles,
227 341 387 426 inpositae
414 345 506 406 erant
531 342 639 407 trabes
666 343 806 426 validae,
833 343 949 426 quibus
976 342 1095 407 iniecta

87 430 241 496 tabulata
262 452 372 495 muros
395 433 429 494 et
444 430 599 514 tegebant
620 434 653 495 et
670 431 798 513 pervios
815 431 966 495 fecerant
1006 429 1095 496 Haec
1112 439 1146 490 27

88 519 292 584 munimenta
309 519 582 600 contemplantem
603 517 822 584 Alexandrum
842 518 1029 603 consiliique
1047 519 1093 583 in·

88 610 225 690 certum,
246 607 323 690 qnia
344 627 404 671 nec
426 627 577 672 cavernas
599 607 663 672 nisi
681 627 798 692 aggere
821 610 950 691 poterat
971 607 1094 690 inplere

87 716 149 759 nec
171 698 337 759 tormenta
360 693 456 760 aliter
478 693 578 760 muris
601 695 784 780 admovere,
811 695 939 780 quidam
962 717 979 760 e
1002 716 1094 760 muro

89 783 215 867 sagitta
236 782 394 866 percussit
416 803 498 850 eum.
542 782 638 848 Forte
659 783 694 848 in
717 805 825 848 suram
847 783 961 849 incidIt
981 784 1095 849 telum:
1114 791 1147 841 28

89 871 183 936 cuius
219 871 344 954 spiculo
381 870 490 937 evolso
528 871 691 936 admoveri
728 893 845 955 equum
882 872 997 955 iussit,
1032 893 1095 956 quo

89 962 203 1023 vectus
230 980 271 1022 ne
294 958 441 1041 obligato
469 958 597 1042 quidem
623 959 755 1024 vulnere
777 959 864 1024 haud
891 961 1020 1044 segnius
1044 958 1095 1025 de-

90 1048 217 1112 stinata
239 1046 462 1131 exequebatur.
507 1044 656 1112 Ceterum
673 1067 747 1112 cum
764 1068 837 1112 crus
856 1049 1000 1113 saucium
1018 1069 1095 1132 pen·
1115 1055 1148 1104 2⁹

89 1136 183 1199 deret
209 1136 242 1198 et
268 1153 380 1200 cruore
407 1135 525 1200 siccato
554 1135 728 1221 frigescens
760 1135 876 1200 vulnus
905 1137 1097 1220 adgravaret

89 1223 245 1306 dolorem,
263 1221 383 1288 dixisse
400 1222 503 1288 fertur
522 1244 556 1288 se
574 1224 702 1308 quidem
719 1222 806 1288 Iovis
824 1223 928 1289 filium
947 1225 1019 1309 dici,
1041 1225 1096 1290 sed

91 1311 237 1394 corporis
265 1311 355 1395 aegri
381 1311 462 1376 vitia
488 1311 616 1382 sentire.
659 1309 736 1377 Non
761 1315 870 1376 tamen
895 1315 969 1378 ante
992 1334 1026 1378 se
1048 1334 1097 1377 re·
1115 1320 1150 1370 ³0

90 1400 180 1482 cepit
202 1399 237 1464 in
259 1403 378 1482 castra,
406 1420 502 1482 quam
524 1404 640 1465 cuncta
660 1400 823 1484 perspexit
850 1404 896 1482 et,
922 1421 1004 1484 quae
1026 1401 1097 1465 fieri

45 1490 81 1556 38
91 1487 201 1570 vellet,
224 1486 332 1552 edixit
374 1486 477 1572 Ergo,
499 1487 583 1552 elcut
604 1489 799 1572 imperatum
821 1493 903 1571 erat,
926 1488 983 1553 alii
1006 1491 1097 1553 extra

91 1576 208 1640 urbem
230 1579 317 1639 tecta
340 1574 594 1640 demoliebantur
612 1577 839 1661 ingentemque
857 1577 923 1641 vim
942 1577 1097 1642 materiae

91 1663 239 1728 faciendo
262 1664 374 1749 aggeri
396 1664 622 1749 detrahebant,
650 1665 706 1729 alii
732 1685 922 1750 magnarum
946 1665 1097 1729 arborum

93 1752 223 1834 stipites
255 1772 329 1816 cum
363 1753 463 1818 ramis
495 1774 533 1817 ac
564 1753 667 1817 moles
698 1775 848 1818 saxorum
879 1753 914 1818 in
945 1775 1097 1818 cavernas

92 1839 283 1904 deiciebant
331 1839 463 1923 Iamque
494 1860 593 1925 agger
619 1845 812 1925 aequaverat
838 1863 981 1906 summae
1008 1841 1098 1905 fasti·
1116 1847 1149 1896 31

93 1927 186 2011 gium
208 1932 323 1992 terrae.
362 1927 477 2012 Itaque
498 1933 603 1993 turres
627 1929 804 2014 erigebant,
826 1951 907 2014 quae
931 1951 1029 2013 opera
1050 1930 1097 1994 in·

94 2016 184 2100 genti
208 2015 350 2080 milltum
373 2016 486 2081 ardore
503 2017 588 2080 intra
605 2038 725 2081 nonum
743 2017 828 2082 diem
846 2017 996 2083 absoluta
1015 2021 1098 2084 sunt.

94 2104 146 2168 Ad
176 2125 214 2168 ea
240 2103 372 2168 visenda
398 2126 455 2169 rex
477 2105 618 2169 nondum
641 2105 780 2171 obducta
801 2105 928 2171 vulneri
951 2107 1099 2172 cicatrice

94 2191 255 2276 processit
294 2191 495 2276 laudatisque
536 2193 693 2258 mllitibus
735 2193 897 2259 admoveri
933 2195 1099 2260 machinas

94 2280 204 2363 iussit,
234 2301 251 2343 e
274 2280 390 2364 quibus
412 2281 527 2366 ingens
550 2281 598 2345 vis
625 2283 763 2347 telorum
786 2282 821 2346 in
843 2285 1099 2368 propugnatores

96 2367 198 2440 effusa
223 2369 280 2433 est
324 2367 498 2452 Praecipue
521 2369 616 2433 rudes
638 2370 752 2435 talium
775 2392 908 2455 operum
933 2372 1100 2436 terrebant
1118 2375 1151 2424 3²

95 2455 235 2521 mobiles
252 2459 359 2520 turres
377 2459 548 2542 tantasque
567 2459 668 2522 moles
687 2459 778 2524 nulla
800 2480 869 2542 ope,
892 2480 972 2540 quae
995 2479 1099 2522 cerne-

95 2547 193 2628 retur,
220 2544 347 2609 adiutas
370 2545 502 2611 deorum
524 2546 654 2610 numine
673 2547 727 2631 agi
741 2546 925 2611 credebant:
943 2545 1011 2627 pila
1024 2566 1100 2628 quo·

97 2654 157 2717 que
185 2632 325 2698 muralia
352 2635 385 2697 ct
411 2653 558 2698 excussas
580 2634 749 2699 tormentis
773 2653 965 2717 praegraves
988 2632 1099 2697 hastas

96 2721 1100 2893 telltlttttftmlltlbutllttlttlttlt
1118 2726 1153 2776 ³³

12 2861 13 2876 ³
594 2860 601 2874 ·
726 2857 736 2892 r

96 2901 226 2980 praeter
253 2897 448 2963 deditionem
475 2898 622 2980 patebat,
649 2896 750 2982 legati
778 2897 817 2960 ad
839 2917 950 2981 regem
972 2897 1099 2962 descen-

96 2985 213 3050 derunt
243 2985 371 3050 veniam
401 2986 543 3069 petituri.
588 2983 658 3060 Qua
684 2985 847 3068 inpetrata
872 2986 985 3069 regina
1011 2985 1100 3049 venit
1118 2991 1153 3040 34

12 3143 13 3146 ,
96 3095 170 3138 cum
192 3093 312 3158 magno
334 3074 492 3139 nobilium
514 3073 707 3138 feminarum
730 3093 828 3159 grege
851 3074 956 3138 aureis
978 3073 1099 3156 pateris

96 3163 172 3226 vina
190 3161 373 3227 libentium.
409 3161 485 3245 Ipsa
503 3161 638 3246 genibus
657 3160 743 3246 regis
761 3183 861 3244 parvo
883 3162 949 3226 filio
969 3161 1099 3225 admoto
1119 3167 1153 3218 35

12 3255 13 3326 ξ
97 3271 161 3316 non
193 3248 321 3315 reniam
344 3251 455 3334 modo,
486 3249 542 3314 sed
569 3251 668 3314 etiam
695 3249 850 3332 pristinae
877 3250 1024 3314 fortunae
1054 3249 1101 3314 in·

12 3387 13 3392 1
97 3338 240 3421 patravit
266 3337 375 3403 decus:
406 3339 523 3422 quippe
546 3338 710 3421 appellata
731 3339 845 3423 regina
866 3343 925 3403 cst.
968 3337 1013 3403 Et
1036 3359 1101 3402 cre·
1119 3341 1153 3395 30

98 3425 205 3492 didere
232 3424 363 3510 quidam
391 3427 464 3510 plus
487 3425 610 3490 formae
634 3447 730 3509 quam
758 3425 958 3492 miserationi
981 3425 1100 3489 datum.

96 3512 200 3668 {uppro
223 3517 308 3578 certe
330 3518 445 3598 postea
467 3534 506 3578 ex
529 3535 567 3578 ea
589 3516 761 3598 utcumque
783 3513 894 3600 genito
916 3511 1101 3580 Alexandro

178 3622 307 3667 nomen.
