2600 4096
210 201 275 266 218
584 203 616 268 Q.
636 200 744 257 CURTI
760 201 847 256 RUFI

211 345 276 410 suis
305 367 376 410 curn
408 346 521 411 iisdem
551 345 746 430 insignibus,
778 339 850 428 quis
882 345 1104 427 adsueverant,
1132 365 1197 409 cum

161 445 193 495 1'1
211 434 318 518 ipsum
339 433 503 498 veherent.
543 433 630 510 Quae
653 433 832 498 liberalitas
856 433 939 497 siout
960 433 1129 498 barbarum
1150 433 1197 497 ob·
1274 463 1275 466 ¹

211 523 396 606 strinxerat,
423 524 471 586 ita
498 523 616 587 amicos
644 522 745 604 ipsius
771 521 977 586 vehementer
998 521 1135 586 offendit
1173 519 1198 584 ll
1275 537 1276 618 ζ

211 611 326 694 quibus
345 609 508 693 Meleager
531 631 627 694 super
649 631 761 675 cenam
782 609 923 694 largiore
944 609 1020 674 vino
1043 630 1117 673 usus
1138 629 1199 694 gra

209 699 309 764 tutari
331 720 365 763 se
388 697 568 762 Alexandro
591 698 684 781 dixit,
712 697 796 782 quod
823 697 938 762 saltem
961 697 995 761 in
1022 695 1114 762 India
1138 717 1200 779 rep

159 787 349 869 reperisset
381 786 514 872 dignum
545 786 675 851 talentis
712 785 812 850 mille.
865 783 935 849 Rex
965 784 1052 849 haud
1084 785 1199 866 oblitus,
1275 811 1276 816 ¹

211 895 306 958 quam
330 894 424 959 aegre
446 873 591 957 tulisset,
619 873 704 958 quod
727 872 848 939 Clitum
870 873 912 938 ob
934 873 1066 955 linguae
1086 872 1199 937 temeri-

210 966 312 1026 tatem
327 961 509 1045 oceidisset,
530 962 612 1027 iram
630 962 758 1046 quidem
776 961 882 1026 tenuit
900 962 956 1026 sed
975 960 1071 1045 dixit,
1087 960 1199 1026 invidos

210 1048 358 1114 homines
379 1050 461 1114 nihil
485 1050 572 1115 aliud
595 1072 691 1134 quam
713 1050 857 1134 ipsorum
879 1071 950 1114 esse
972 1051 1140 1114 tormenta

615 1205 693 1273 Osa.
715 1207 804 1273 XIII.

179 1326 193 1374 ι
300 1313 435 1379 Postero
453 1315 504 1379 die
522 1315 622 1398 legati
640 1314 799 1378 Abisarae
818 1313 924 1379 adiere
941 1333 1060 1398 regem.
1098 1311 1238 1378 Omniall

212 1401 329 1468 dicioni
351 1403 432 1485 eiua,
458 1403 506 1467 ita
527 1407 565 1467 ut
586 1403 775 1466 mandatum
798 1405 880 1486 erat,
902 1401 1136 1486 permittebant
1161 1401 1203 1463 fir·

175 1493 363 1573 amataque
389 1490 524 1555 invicem
552 1491 614 1556 fide
635 1492 846 1555 remittuntur
868 1490 909 1555 ad
930 1509 1050 1574 regem.
1092 1490 1203 1554 Porum

211 1600 337 1663 quoque
365 1578 505 1644 nominis
533 1580 583 1642 sui
608 1579 697 1643 fama
723 1582 813 1643 ratus
836 1578 877 1642 ad
899 1577 1094 1646 deditionem
1118 1597 1203 1661 posse

212 1666 367 1750 conpelli,
389 1667 480 1731 misit
500 1665 540 1730 ad
559 1688 631 1730 eum
650 1664 856 1750 Cleocharen,
878 1667 933 1750 qui
952 1665 1156 1730 denuntiaret
1171 1664 1203 1747 ei,

210 1759 248 1819 ut
279 1755 472 1837 stipendium
503 1755 655 1838 penderet
686 1759 719 1819 et
745 1755 778 1818 in
808 1755 910 1838 primo
939 1774 1071 1818 suorum
1099 1753 1204 1817 finium

213 1843 302 1907 aditu
325 1847 505 1908 occurreret
522 1843 601 1928 regi.
640 1841 743 1907 Porus
766 1843 903 1907 alterum
926 1864 964 1907 ex
982 1842 1035 1907 his
1052 1841 1204 1906 factumn

212 1953 282 1995 sese
300 1931 477 2014 respondit,
496 1935 535 1994 ut
552 1930 688 1996 intranti
706 1952 840 2015 regnum
859 1951 951 1995 suum
969 1932 1098 2013 praesto
1120 1932 1204 2010 esset,

177 2029 193 2078 a
213 2017 268 2082 sed
286 2022 437 2083 armatus.
471 2018 540 2083 Iam
554 2018 732 2102 Hydaspen
745 2019 927 2083 Alexander
941 2039 1091 2102 superare
1110 2018 1205 2082 decre

211 2110 317 2186 verat,
342 2127 414 2170 cum
437 2105 643 2190 Barzaentes,
667 2107 857 2172 defectionis
879 2105 1068 2171 Arachosiis
1092 2108 1204 2186 auctor,

212 2193 337 2258 vinctus
360 2193 559 2278 trigintaque
583 2195 747 2279 elephanti
766 2193 862 2259 simul
879 2195 967 2278 capti
987 2194 1204 2276 perducuntur,

213 2284 428 2364 opportunum
451 2282 602 2347 adversus
624 2282 721 2348 ludos
744 2283 913 2366 auxilium,
942 2284 1060 2366 quippe
1083 2281 1205 2366 plusin

212 2369 316 2435 beluis
353 2391 450 2454 quam
481 2370 515 2434 in
546 2373 688 2436 exercitu
719 2371 787 2454 spei
819 2391 855 2434 ac
886 2371 1004 2434 virium
1036 2369 1103 2434 illis
1135 2371 1204 2433 erat

176 2470 194 2518 4
212 2455 368 2524 Samaxus
387 2478 518 2542 qaoque,
538 2480 594 2523 rex
612 2461 746 2544 exiguae
761 2459 862 2542 partis
881 2456 1043 2541 Indorum,
1061 2458 1118 2542 qui
1136 2457 1204 2521 Bar·

176 2547 318 2613 tacenti
349 2568 384 2612 se
410 2548 635 2632 coniunxerat,
665 2548 791 2612 vinctus
819 2546 973 2611 adductus
1006 2549 1065 2610 est
1109 2545 1204 2630 Igitur

211 2636 381 2718 transfuga
408 2641 441 2701 et
467 2635 580 2720 regulo
607 2636 641 2699 in
671 2635 860 2717 custodiam,
891 2633 1074 2718 elephantis
1104 2638 1204 2698 autern

212 2723 317 2786 Taxili
333 2724 461 2788 traditis
480 2724 520 2788 ad
543 2745 669 2788 amnem
686 2722 862 2806 Hydaspen
883 2723 1043 2806 pervenit,
1065 2722 1102 2786 in
1124 2721 1203 2786 cuius

212 2810 365 2875 ulteriore
391 2811 462 2895 ripa
484 2811 588 2876 Porus
614 2811 803 2877 consederat
827 2811 969 2874 transitu
990 2809 1204 2894 prohibiturus

176 2911 194 2958 o
211 2898 347 2963 hostem.
384 2915 501 2964 ccxxx
520 2904 552 2963 et
570 2918 594 2965 v
612 2900 800 2983 elephantos
824 2899 986 2964 obiecerat
1007 2898 1125 2962 eximio
1143 2915 1203 2961 eor·

212 3008 325 3070 porum
343 2985 458 3050 robore
476 2988 623 3072 ultraque
643 3009 697 3052 eos
716 3009 827 3052 currus
846 3003 909 3052 ccc
927 2988 960 3051 et
977 2987 1121 3070 peditum
1138 2997 1203 3049 xxx

211 3075 277 3139 fere
296 3073 399 3153 milia,
422 3074 456 3137 in
479 3076 550 3157 quis
574 3080 666 3140 erant
684 3075 854 3160 sagittarii,
877 3073 972 3138 sicuti
995 3079 1069 3139 ante
1092 3074 1202 3138 dictum

212 3166 273 3241 est,
305 3161 507 3247 gravioribus
533 3163 621 3246 telis,
648 3185 745 3248 quam
771 3166 810 3227 ut
837 3165 911 3245 apte
939 3162 1045 3227 excuti
1070 3160 1202 3245 possent

177 3248 321 3333 ulpsum
349 3249 486 3313 vehebat
513 3251 700 3334 elephantus
728 3273 823 3335 super
850 3253 972 3315 ceteras
998 3250 1113 3314 beluas
1136 3243 1203 3311 emi·

211 3358 290 3401 nens
314 3358 465 3421 armaque
491 3358 568 3402 auro
591 3342 625 3403 et
651 3343 784 3424 argento
807 3339 959 3403 distincta
981 3359 1097 3421 corpus
1118 3351 1203 3401 rarae

211 3425 443 3508 magnitudinis
474 3425 699 3492 honestabunt
752 3425 817 3491 Par
847 3427 975 3491 animus
1007 3425 1116 3491 robori
1143 3441 1203 3486 cor·

212 3513 298 3596 poris
327 3517 372 3597 et,
400 3517 521 3597 quanta
547 3513 632 3578 inter
657 3515 752 3579 rudes
778 3517 907 3597 poterat
933 3535 1017 3599 esse,
1047 3508 1202 3598 sapientia

178 3600 402 3666 8Macedonaa
424 3622 490 3667 non
512 3604 699 3684 conspectus
722 3602 865 3667 hostium
888 3603 1004 3685 solum,
1031 3602 1087 3666 aed
1112 3585 1241 3664 etiam45

1276 1111 1279 1168 l
