2582 4098
264 214 518 272 HISTORIARUM
535 213 749 270 maxumum
766 213 813 284 VI,
834 222 857 269 1.
880 219 906 268 2.
1029 214 1091 278 117

78 363 200 443 tamen,
221 359 297 444 quia
315 359 454 424 maiores
473 362 573 442 erant,
591 380 687 442 quam
706 380 787 442 quas
804 359 960 443 praefecti
978 360 1092 425 modus

80 451 220 532 caperet,
238 448 412 518 metuebat
446 447 570 532 Quippe
584 448 767 512 Alexander
780 446 891 512 hostes
904 446 990 512 rinei
1003 449 1092 514 volu·
1112 459 1145 510 18

80 539 166 620 erat,
191 536 404 620 Antipatrum
429 534 546 600 vicisse
575 557 617 600 ne
644 537 763 600 tacitus
792 535 917 621 quidem
946 535 1092 621 indigna·

79 625 188 709 batur,
210 645 286 689 suae
305 624 470 708 demptum
489 622 613 708 gloriae
632 624 834 709 existimans,
853 622 1006 708 quidquid
1025 645 1092 690 ces-

80 712 180 778 sisset
206 712 340 778 alianae.
393 711 507 796 Itaque
539 711 727 796 Antipater,
763 712 819 797 qui
849 712 951 796 probe
982 716 1144 782 nossetis

80 801 216 884 spiritus
234 801 312 881 eius,
329 822 395 866 non
413 805 463 865 est
477 821 574 866 ausus
588 801 656 884 ipse
670 821 766 886 agere
780 800 915 866 arbitria
929 800 1093 885 victoriae,

78 888 137 953 sed
156 889 326 954 concilium
345 887 550 971 Graecorum,
570 888 647 972 quid
665 889 734 952 fieri
752 889 905 973 placeret,
922 889 1092 955 consuluit
1143 931 1155 961 .

78 977 112 1042 A
140 997 204 1061 quo
230 975 478 1042 Lacedaemonii
504 976 588 1041 nihil
619 976 722 1060 aliud,
753 998 850 1060 quam
875 982 913 1042 ut
946 982 1091 1043 oratores
1110 999 1145 1048 ‘ro

79 1065 213 1130 mittero
227 1065 267 1130 ad
284 1085 396 1149 regem
410 1065 530 1150 liceret,
547 1064 685 1148 precati:
705 1086 725 1128 a
741 1083 818 1149 rege
838 1069 946 1131 autem
963 1066 1093 1132 veniam

79 1152 270 1219 defectionis
293 1157 424 1237 praeter
445 1158 593 1219 auctores
614 1153 867 1236 inpetraverunt.
906 1152 1092 1239 Megalopo-

79 1242 204 1324 litanis,
226 1262 361 1327 quoram
383 1241 461 1306 urbs
484 1241 618 1306 obsessa
640 1245 712 1307 crat
733 1263 754 1306 a
775 1240 963 1306 defectionis
986 1242 1093 1326 sociis,

78 1330 206 1395 Achaei
223 1334 256 1395 et
274 1328 348 1395 Elei
366 1333 495 1395 centum
512 1351 555 1394 xx
572 1330 698 1394 talenta
715 1328 793 1394 dare
810 1329 891 1394 iussi
910 1333 994 1394 sunt.
1028 1330 1092 1397 Hic
1111 1342 1144 1392 21

78 1418 146 1483 fuit
159 1417 261 1484 exitus
274 1418 363 1503 belli,
377 1419 462 1503 quod
475 1421 607 1502 repente
621 1422 729 1484 ortum
741 1417 832 1501 prius
846 1421 955 1482 tamen
964 1417 1092 1483 finitum

80 1511 146 1591 est,
173 1527 270 1592 quam
291 1506 434 1572 Dareum
457 1506 639 1572 Alexander
666 1506 750 1590 apud
771 1506 895 1571 Arbela
917 1511 1092 1588 superaret.

517 1662 596 1730 (lar.
618 1664 660 1731 IL

44 1775 71 1839 4
172 1770 236 1836 Sed
249 1775 287 1836 ut
299 1770 439 1855 primum
453 1770 651 1835 instantibus
665 1771 750 1835 curis
764 1771 891 1836 laxatus
906 1774 955 1834 cst
965 1771 1090 1836 animus
1110 1783 1121 1834 1

80 1859 274 1925 militarium
296 1879 403 1923 rerum
426 1880 524 1942 quam
547 1858 665 1942 quietis
688 1859 809 1942 otiique
832 1859 1016 1942 patientior,
1039 1881 1090 1924 ex·

81 1969 196 2032 cepere
218 1968 292 2012 eum
314 1947 513 2030 voluptates,
536 1953 581 2029 et,
604 1968 700 2031 quem
722 1968 814 2011 arma
831 1947 1003 2012 Persarum
1025 1969 1091 2012 non

80 2036 262 2120 fregerant,
289 2036 370 2100 vitia
390 2035 548 2099 vicerunt:
574 2035 768 2118 tempestiva
794 2035 942 2100 convivia
965 2039 998 2100 et
1018 2047 1124 2121 per-a
1173 2117 1176 2122 Ι

80 2123 218 2208 potandi
252 2122 531 2207 pervigilandique
569 2122 684 2188 insana
719 2123 853 2188 dulcedo
892 2123 1021 2207 ludique
1058 2129 1091 2191 ct

81 2231 200 2298 greges
226 2212 375 2296 pelicum.
424 2209 541 2276 Omnia
565 2211 615 2275 in*
628 2215 795 2276 externum
826 2213 920 2295 lapsa
953 2233 1091 2278 morem:

82 2321 179 2385 quem
213 2299 394 2365 aemulatus
422 2300 516 2383 quasi
541 2299 701 2383 potiorem
728 2321 786 2365 suo
813 2300 860 2364 ita
883 2300 1090 2384 popularium

83 2388 212 2454 animos
236 2389 408 2471 oculosque
431 2387 553 2471 pariter
575 2387 718 2471 offendit,
740 2392 778 2452 ut
796 2411 815 2452 a
832 2389 994 2472 plerisque
1014 2389 1091 2453 ami-

81 2497 193 2542 corum
209 2497 269 2560 pro
282 2476 378 2541 hoste
391 2473 574 2541 haberetur.
610 2474 751 2541 Tenaces
767 2476 885 2560 quippe
899 2475 1089 2558 disciplinae
1107 2490 1124 2537 a

82 2586 161 2630 suae
188 2564 365 2648 solitosque
393 2585 491 2647 pareo
524 2585 561 2629 ac
586 2565 726 2647 parabili
752 2564 840 2628 victu
869 2562 910 2626 ad
937 2563 1090 2645 inplenda

80 2656 218 2717 naturae
241 2651 401 2716 desideria
422 2651 555 2735 defungi
577 2651 612 2715 in
633 2651 804 2735 peregrina
830 2652 864 2715 ct
890 2649 1089 2715 devictarum

82 2737 229 2827 gentium
254 2740 343 2804 mala
364 2740 536 2824 inpulerat.
580 2738 667 2804 Hinc
690 2738 817 2821 saepius
840 2741 1032 2821 conparatae
1055 2739 1125 2804 inl

82 2832 182 2913 caput
204 2828 272 2894 eius
295 2827 445 2911 insidiae,
472 2827 609 2892 secessio
632 2827 775 2891 militum
797 2829 831 2891 ct
851 2826 983 2891 liberior
1004 2827 1090 2892 inter

82 2921 214 2982 mutuas
237 2916 397 3001 querellas
421 2915 525 2998 dolor,
546 2915 648 2998 ipsius
671 2914 783 2979 deinde
805 2935 891 2979 nunc
918 2914 979 2999 ira,
1004 2937 1090 2980 nunc

82 3004 297 3088 suspiciones,
324 3026 404 3088 quas
432 3003 595 3068 excitabat
621 3002 823 3067 inconsultus
846 3024 946 3086 pavor
968 3006 1090 3068 cetera-

50 3097 145 3179 oque
163 3092 215 3157 his
234 3092 363 3176 similia,
382 3113 464 3176 quae
481 3090 594 3156 deinde
612 3091 764 3155 dicentur.
796 3089 902 3174 Igitur
919 3112 992 3156 cum
1009 3095 1088 3156 tem-
1108 3109 1124 3158 5

80 3181 219 3265 pestivis
247 3179 402 3246 conviviis
431 3179 498 3244 dies
525 3179 649 3262 pariter
679 3182 853 3263 noctesque
880 3185 1090 3262 consumeret,

82 3270 269 3335 satietatem
288 3268 456 3352 epularum
474 3267 558 3332 ludis
577 3267 817 3351 interpellabat:
835 3288 902 3332 non
920 3271 1089 3332 contentus

82 3357 259 3440 artificum,
290 3378 371 3440 quos
404 3378 421 3421 e
452 3354 589 3421 Graecia
621 3355 794 3440 exciverat,
825 3355 934 3421 turba:
971 3355 1089 3441 quippe

83 3446 231 3529 captivae
253 3443 448 3509 iubebantur
466 3465 523 3508 suo
541 3444 607 3508 ritu
625 3465 738 3508 canere
761 3443 961 3508 inconditum
983 3447 1017 3509 et
1034 3444 1089 3507 ab·

82 3532 220 3599 homene
242 3533 423 3617 peregrinis
446 3532 577 3597 auribus
601 3554 739 3598 carmen.
782 3531 873 3596 Inter
893 3552 973 3615 quas
991 3548 1124 3596 unamo

82 3643 140 3687 rex
157 3621 242 3686 forte
261 3620 428 3705 conspexit
445 3621 650 3686 maestiorem
669 3642 765 3705 quam
782 3624 904 3684 ceteras
922 3621 955 3682 et
972 3619 1088 3703 produ·
