2582 4098
292 193 543 251 msrosnnuu
561 195 774 250 rnsxnnnm
792 201 829 266 v,
852 203 874 252 1.
1040 195 1082 260 83

80 339 162 405 tudo
193 339 276 404 muri
306 356 329 404 1,
355 339 537 404 cubitorum
567 339 687 404 eminet
713 339 831 423 spatio:
865 341 971 405 turres
995 339 1084 406 denis

80 428 216 512 pedibus
240 449 336 512 quam
357 449 468 492 murus
492 428 621 493 altiores
644 430 727 492 sunt.
758 427 872 492 Totius
895 428 999 513 operis
1018 450 1085 493 arn-

80 517 169 581 bitus
198 531 329 581 cccxxv
352 515 457 581 stadia
483 515 706 600 conplectitur:
740 516 939 600 singulorum
966 515 1083 581 stadio·

80 626 155 668 rum
178 607 370 668 struetumm
393 603 526 688 singulis
549 604 660 668 diebus
682 602 857 688 perfectam
879 625 948 668 esse
966 624 1085 669 memo·

80 692 151 757 riae
178 690 339 774 proditum
362 694 419 756 est
463 689 619 757 Aedificia
640 713 706 757 non
729 695 804 756 sunt
825 691 955 757 admota
976 692 1085 776 muris,

82 779 140 845 sed
165 779 233 844 fere
259 779 400 862 spatium
425 779 529 864 iugeri
553 781 647 845 unius
674 781 801 845 absunt
843 778 893 845 Ac
918 801 958 844 ne
979 783 1085 845 totam
1102 798 1136 849 11

81 867 212 952 quidem
233 866 345 932 urbem
366 867 461 932 tectis
485 872 776 952 occupaverunt-
789 889 846 952 per
868 885 961 932 nxxx
980 867 1084 932 stadia

80 955 291 1020 habitabatur
312 991 355 1003 -
377 977 436 1021 nec
459 957 567 1021 omnia
590 955 740 1021 continua
763 959 852 1040 sunt,
879 955 986 1040 credo,
1009 957 1084 1040 quia

80 1043 185 1107 tutius
207 1043 312 1108 visum
334 1046 385 1109 est
411 1043 556 1127 pluribus
577 1044 656 1109 locis
680 1044 797 1129 spargi.
841 1042 954 1108 Cetera
977 1046 1085 1108 serunt

81 1131 263 1215 coluntque,
285 1134 330 1214 ut,
353 1131 382 1195 si
399 1134 531 1196 externa
548 1131 598 1198 vis
616 1133 755 1217 ingruat,
774 1131 914 1196 obsessis
931 1131 1085 1196 alimenta

80 1218 1084 1391 333331333313333333·
1103 1239 1135 1289 2⁸

80 1394 173 1458 nium
204 1415 336 1478 operum
367 1331 618 1480 magnitudiriem
649 1394 901 1461 circumveniunt
930 1415 1084 1459 cavernae

80 1484 246 1567 ingentes,
276 1483 311 1546 in
338 1483 539 1548 altitudinem
567 1504 696 1567 pressae
724 1482 765 1548 ad
788 1480 1004 1567 accipiendum
1026 1482 1085 1545 im-

80 1573 195 1654 petum
216 1569 371 1656 fluminis,
402 1570 500 1655 qnod,
531 1572 586 1636 ubi
614 1571 778 1656 adpositae
801 1569 970 1654 crepidinis
993 1569 1084 1634 fasti·

82 1659 174 1743 gium
193 1659 338 1744 excessit,
359 1659 448 1723 urbis
466 1661 552 1724 tecte
569 1660 750 1743 corriperet,
767 1659 832 1724 nisi
850 1661 958 1724 essent
971 1677 1084 1742 specus

80 1747 243 1831 lacusque,
264 1747 319 1830 qui
336 1747 526 1832 exciperent.
562 1743 678 1812 Coctili
694 1746 849 1812 laterculo
868 1745 981 1810 structi
996 1747 1084 1810 sunt:
1103 1766 1136 1816 29

80 1837 189 1898 totum
212 1855 292 1919 opus
314 1834 471 1899 bitumine
494 1834 713 1919 adstringitur.
752 1834 838 1899 Pons
860 1833 1005 1916 lapideus
1027 1832 1084 1896 flu·

80 1922 165 1986 mini
187 1922 347 2006 inpositus
368 1922 476 2007 iungit
497 1922 618 1986 urbem.
653 1921 715 1986 Hic
738 1942 862 2005 quoque
883 1922 968 1986 inter
989 1921 1083 1984 mira·

81 2010 163 2074 bilia
185 2008 324 2074 Orientis
346 2030 444 2094 opera
465 2012 649 2074 numeratus
672 2013 734 2075 est:
762 2010 879 2094 quippe
900 2007 1084 2092 Euphrates

81 2099 186 2162 altum
216 2097 330 2161 limum
358 2098 459 2182 vehit,
495 2119 557 2182 quo
583 2097 710 2181 penitus
738 2096 779 2162 ad
805 2096 1013 2161 fundamenta
1038 2096 1085 2160 ia·

81 2184 198 2250 cienda
230 2189 339 2270 egesto
370 2185 424 2250 vix
456 2185 615 2250 sufficiens
647 2186 736 2269 operi
761 2185 853 2250 firmo
876 2187 1086 2270 reppererunt

82 2273 201 2338 solum:
236 2271 373 2338 harenae
409 2278 516 2338 autem
552 2274 685 2338 subinde
718 2275 899 2339 cumulatae
926 2277 959 2338 et
989 2272 1085 2357 saxis,
1103 2293 1136 2343 33

82 2361 157 2444 quis
183 2381 266 2444 pons
294 2361 482 2445 sustinetur,
515 2361 654 2426 adnexae
675 2363 843 2428 morantur
864 2382 1003 2443 amnem,
1030 2360 1085 2445 qui

80 2452 228 2514 retentus
250 2449 364 2534 acrius,
386 2471 483 2534 quam
504 2450 532 2514 si
549 2450 649 2515 libero
668 2472 763 2515 cursu
780 2451 910 2532 mearet,
930 2447 1085 2512 inliditur.

43 2536 202 2610 5Aroem
225 2559 349 2622 quoque
381 2538 505 2602 ambitu
534 2555 582 2602 xx
608 2537 712 2602 stadia
741 2537 928 2619 conplexam
954 2535 1084 2599 habent.
1102 2556 1134 2606 31

81 2643 155 2690 xxx
185 2626 281 2708 pedes
321 2626 355 2688 in
389 2629 509 2690 terram
540 2626 678 2689 turrium
708 2624 916 2690 fsmdamenta
947 2621 1085 2686 demissa

82 2716 169 2797 sunt,
192 2714 232 2777 ad
254 2731 346 2778 xxxx
364 2735 524 2778 summum
541 2713 730 2778 munimenti
746 2711 913 2795 fastigium
930 2710 1083 2794 pervenit.

82 2799 188 2885 Super
210 2823 328 2886 arcem,
349 2802 516 2886 vulgatum
536 2800 729 2866 Graecorum
751 2799 869 2864 fabulis
887 2798 1084 2883 miraculum,
1102 2821 1136 2870 32

81 2889 224 2972 pensiles
254 2889 341 2954 horti
372 2891 462 2974 sunt,
499 2911 656 2955 summam
686 2909 851 2953 murorum
883 2887 1084 2952 altitudinem

82 2981 258 3060 aequantes
281 2978 514 3062 multarumque
538 2977 687 3042 arborum
707 2976 822 3040 umbra
843 2977 875 3039 et
893 2976 1084 3059 proceritate

82 3065 220 3130 amoeni.
265 3063 348 3131 Saxo
370 3066 468 3150 pilae,
501 3087 581 3150 quae
603 3067 708 3130 totum
731 3084 812 3129 onus
835 3065 1008 3148 sustinent,
1036 3065 1083 3129 in·
1102 3085 1135 3133 33

82 3155 224 3218 sauctae
261 3155 353 3239 sunt,
393 3174 489 3236 super
527 3154 609 3236 pilas
647 3151 753 3236 lapide
789 3151 944 3236 quadrato
981 3153 1084 3217 solum

82 3243 223 3306 stratum
251 3245 301 3306 est
326 3242 451 3326 patiens
477 3244 595 3325 terrae,
626 3263 721 3325 quam
748 3240 847 3304 altam
872 3240 1020 3323 iniciunt,
1052 3242 1085 3304 et

80 3329 241 3414 humoris,
273 3351 336 3414 quo
357 3330 467 3415 rigant
488 3331 603 3394 terras:
635 3329 777 3414 adeoque
802 3328 925 3393 validas
953 3328 1083 3392 arbores

82 3417 245 3483 sustinent
280 3418 399 3502 moles,
434 3420 471 3482 ut
506 3417 631 3502 stipites
668 3439 777 3482 earum
811 3434 873 3482 vm
904 3417 1084 3482 cubitorum

82 3507 224 3591 spatium
248 3505 459 3571 crassitudine
483 3508 629 3591 aequent,
649 3505 683 3570 in
704 3523 726 3570 n
744 3503 860 3589 pedum
883 3504 1084 3569 altitudinem

80 3595 247 3660 emineant
267 3594 501 3682 frugiferaeque
524 3595 596 3678 sint,
619 3598 655 3659 ut
677 3595 706 3658 si
726 3597 812 3657 terra
834 3614 892 3656 sua
915 3594 1084 3657 alerentur.

889 3697 926 3753 6*
