2602 4094
234 189 489 246 HISTORIARUM
507 190 722 246 ALEXANDRI
740 190 828 262 VIIII,
847 197 871 246 3.
891 197 916 246 4.
1020 190 1085 255 235

76 333 218 398 confusis
247 333 480 417 appellantium
503 333 645 400 vocibus.
685 333 817 419 Iamque
844 338 878 401 et
905 333 961 400 alii
988 334 1083 398 duces
1104 345 1133 395 1²

77 421 310 506 praecipueque
338 422 493 505 seniores,
521 422 591 506 quis
620 423 661 488 ob
689 426 829 488 aetatem
858 425 891 488 et
920 422 1082 487 excusatio

77 509 244 574 honestior
263 512 334 573 erat
352 513 385 574 et
403 511 579 575 auctoritas
598 511 710 594 maior,
731 511 841 576 eadem
859 511 1037 595 precabant
1075 559 1083 574 .

77 597 133 662 Ille
147 617 207 662 nec
222 597 382 683 castigare
395 598 576 663 obstinatos
590 619 650 664 uec
663 599 814 684 mitigare
827 602 958 684 poterat
972 599 1082 664 iratos.
1101 610 1135 660 re

78 684 185 769 Itaque
210 685 303 769 inops
327 686 455 751 consilii
478 686 606 751 desiluit
628 709 646 750 e
669 687 825 752 tribunali
843 687 1011 770 claudique
1033 707 1082 750 re·

78 774 162 856 giam
185 773 283 838 iussit
306 775 454 840 omnibus
476 778 604 858 praeter
623 775 771 840 adsuetos
791 776 878 841 adire
899 773 1082 859 prohibitis.

78 861 214 926 Biduum
235 861 303 926 irae
326 863 438 928 datum
456 867 514 928 est.
558 862 667 927 Tertio
691 863 742 926 die
763 865 922 947 processit
939 864 1082 949 erigique
1100 875 1134 924 le

79 948 242 1015 duodecim
266 970 339 1016 aras
363 973 402 1015 ex
425 952 581 1034 quadrato
606 972 696 1035 saxo,
727 955 968 1016 monumentum
991 972 1083 1035 expe·

79 1038 206 1103 ditionis
244 1060 335 1120 suae,
372 1039 572 1103 munimenta
610 1059 735 1122 quoque
772 1044 950 1104 castrorum
985 1039 1083 1104 iussit

79 1124 202 1190 extendi
234 1126 415 1210 cubiliaque
450 1127 615 1211 amplioris
647 1127 771 1191 formae
799 1149 894 1211 quam
925 1149 984 1210 pro
1013 1149 1081 1192 cor·

78 1235 188 1296 pomm
214 1213 328 1279 habitu
355 1215 507 1299 relinqui,
537 1218 574 1278 ut
600 1215 740 1300 speciem
768 1215 910 1280 omnium
940 1218 1082 1301 augeret,

80 1302 262 1384 posteritati
284 1302 384 1366 fallax
408 1304 599 1368 miraculum
620 1325 825 1387 praeparans.

162 1389 248 1456 Hinc
279 1395 441 1474 repetens,
478 1413 558 1476 qnae
591 1413 737 1456 emensus
770 1396 853 1474 erat,
889 1390 929 1454 ad
962 1389 1081 1455 flumen
1099 1406 1134 1455 2ο

81 1476 245 1542 Acesinem
272 1478 359 1544 locat
385 1483 501 1544 castra.
545 1479 595 1545 lbi
625 1480 709 1544 forte
732 1476 859 1544 Coenus
886 1479 999 1544 morbo
1027 1499 1082 1542 ex·

81 1566 195 1630 tinctus
218 1569 281 1632 est:
304 1567 394 1632 cuius
417 1571 520 1632 morte
543 1568 702 1653 ingemuit
726 1568 853 1652 quidem
873 1587 943 1651 rex,
966 1566 1083 1631 adiecit

81 1656 196 1738 tamen,
226 1659 360 1739 propter
390 1677 510 1739 paucos
537 1655 605 1720 dies
637 1658 767 1739 longam
802 1655 981 1720 orationem
1008 1675 1082 1718 eum

83 1763 236 1825 exorsum,
266 1747 432 1826 tamquam
461 1744 547 1807 solus
576 1743 798 1808 Macedoniam
829 1743 957 1808 visurus
986 1746 1080 1807 esset.

81 1827 143 1894 lam
166 1832 200 1896 in
223 1853 307 1915 aqua
329 1831 457 1916 classis,
484 1853 580 1916 quam
605 1831 768 1896 aedificari
790 1831 940 1915 iusserat,
963 1830 1080 1895 stabat.
1099 1847 1132 1895 21

83 1915 164 1983 Inter
181 1919 261 1984 haec
279 1919 432 1983 Memnon
450 1941 489 1984 ex
508 1919 646 1983 Thracia
663 1919 699 1983 in
718 1920 974 2003 supplementum
992 1919 1081 2002 cqui-

83 2010 145 2070 tum
162 2025 185 2071 v
204 2007 304 2090 milia,
321 2011 451 2090 praeter
469 2028 524 2072 eos
544 2008 584 2071 ab
598 2006 743 2092 Harpalo
762 2007 908 2090 peditum
921 2025 972 2072 vn
990 2007 1081 2072 milia

84 2093 251 2160 adduxerat
275 2117 426 2180 armaque
447 2113 518 2160 xxv
541 2095 671 2160 milibus
694 2116 772 2160 auro
796 2099 830 2161 et
852 2100 987 2178 argento
1011 2117 1080 2160 cae·

84 2180 143 2247 lata
164 2183 353 2267 pertulerat,
381 2183 451 2267 quis
478 2183 657 2248 distributis
680 2187 792 2248 vetera
818 2184 954 2248 cremari
977 2183 1081 2248 iussit.

83 2267 164 2336 Mille
181 2271 321 2355 navigiis
339 2271 484 2336 aditurus
499 2270 662 2336 Oceanum
681 2271 906 2356 discordesque
921 2276 954 2337 ct
971 2276 1082 2336 vetera
1099 2288 1133 2336 22

84 2357 150 2423 odia
171 2362 384 2424 retractantes
403 2359 522 2424 Porum
546 2363 579 2424 et
597 2359 745 2444 Taxilen,
766 2359 877 2424 Indiae
899 2379 1007 2442 reges,
1028 2359 1082 2423 fir·

85 2450 183 2512 natae
201 2469 259 2532 per
278 2447 478 2513 adfinitatem
497 2449 621 2532 gratiae
644 2448 799 2532 relinquit
821 2448 855 2511 in
879 2447 945 2511 suis
963 2447 1082 2530 regnis,

85 2555 200 2601 summo
234 2536 269 2600 in
301 2536 497 2602 aedificanda
523 2537 626 2600 classe
658 2536 826 2600 amborum
860 2533 965 2598 studio
994 2555 1081 2598 usus.

85 2619 203 2706 Oppida
236 2645 362 2708 quoque
399 2624 461 2689 duo
496 2625 649 2702 condidit,
685 2645 820 2707 quorum
853 2623 989 2686 alterum
1024 2619 1082 2685 Ni·
1100 2637 1134 2686 23

85 2730 186 2776 caeam
218 2711 408 2795 appellavit,
440 2712 578 2777 alterum
605 2711 837 2794 Bucephalam,
869 2711 956 2793 equi,
987 2730 1081 2793 quem

85 2799 239 2886 amiserat,
269 2801 441 2865 memoriae
464 2821 502 2864 ec
524 2799 648 2864 nomini
670 2799 821 2862 dedicans
843 2796 965 2862 urbem.
1009 2797 1082 2862 Ele-
1100 2813 1134 2863 al

84 2885 204 2968 phantis
232 2887 344 2953 deinde
373 2893 406 2953 et
432 2887 656 2972 inpedimentis
684 2890 772 2951 terra
794 2885 886 2970 sequi
911 2886 1009 2951 iussis
1032 2907 1080 2950 se·

84 2975 177 3041 cundo
196 2997 292 3041 amne
310 2976 455 3061 defluxit,
472 2975 685 3059 quadraginta
702 2975 802 3040 ferme
819 2973 926 3040 stadia
944 2973 1081 3059 singulis

84 3061 188 3129 diebus
209 3064 400 3148 procedens,
429 3067 466 3129 ut
488 3063 678 3148 opportunis
706 3063 785 3128 locis
809 3063 927 3147 exponi
948 3061 1082 3128 subinde

84 3152 186 3234 copiae
208 3157 350 3236 possent.

498 3300 578 3367 Oce.
601 3301 658 3367 IV.

49 3409 78 3474 14
162 3416 359 3483 Perventum
386 3420 457 3483 erat
487 3417 522 3481 in
548 3416 727 3501 regionem,
759 3417 793 3481 in
821 3437 885 3500 qua
912 3413 1115 3499 Hydaspeas

86 3505 180 3571 amnis
213 3506 346 3572 Acesini
378 3505 600 3572 committitur.
648 3505 734 3570 Hinc
766 3503 906 3568 decurrit
936 3503 971 3567 in
1001 3504 1116 3567 finest

86 3586 237 3662 Siborum.
280 3591 326 3659 Hi
350 3595 388 3659 de
412 3593 551 3659 exercitu
573 3591 722 3658 Herculis
751 3593 888 3656 maiores
913 3612 988 3656 suos
1011 3612 1081 3655 esse
