2600 4096
264 221 515 277 HISTORIARUM
532 222 745 277 ALEXANDRI
762 223 824 291 VII,
844 229 868 279 7.
887 230 912 282 8.
1028 223 1091 287 175

88 364 282 449 sapientiam
312 387 438 450 quoque
466 388 578 449 capere
610 367 773 450 dicuntur,
801 370 1090 451 quantamcumque

88 474 165 538 gens
199 454 286 537 capit
316 474 443 536 semper
475 458 606 519 armata.
655 451 722 540 Sic,
753 477 834 540 quae
866 456 991 520 locutos
1021 476 1090 519 esse
1110 474 1141 524 1¹

89 541 174 626 apud
191 562 301 625 regem
319 543 493 607 memoriae
511 543 673 626 proditum
688 546 746 625 est,
764 544 937 609 abhorrent
953 543 1091 608 forsitan

86 630 231 694 moribus
257 629 490 713 hominibusque
517 631 638 695 nostris
671 635 704 697 et
730 635 878 716 tempora
903 636 936 696 et
961 631 1090 715 ingenia

85 718 225 782 cultiora
254 719 387 782 sortitis.
433 715 495 783 Sed
522 723 559 784 ut
584 720 689 801 possit
711 721 814 785 oratio
838 741 949 784 eorum
974 719 1091 803 sperni,

85 809 196 870 tamen
222 805 302 870 fides
328 809 439 871 nostra
466 828 532 871 non
554 806 661 871 debet:
688 829 799 891 quare,
823 811 992 892 utcumque
1014 810 1091 872 sunt

37 893 77 957 34
85 893 221 976 tradita,
251 893 437 978 incorrupta
462 894 667 978 perferemus.
715 894 820 980 Igitur
847 919 945 960 uuum
973 917 1012 960 ex
1038 895 1089 959 his
1109 915 1142 962 ur

86 982 264 1046 maximum
295 985 373 1047 natu
404 983 546 1048 locutum
578 983 769 1067 accepimus:
802 981 849 1048 ‘Si
880 983 912 1048 di
942 983 1090 1049 habitum

87 1070 232 1154 corporis
264 1071 314 1135 tui
345 1071 492 1135 ariditati
524 1071 625 1135 animi
655 1093 766 1154 parem
798 1093 867 1136 esse
903 1073 1090 1155 voluisseut,

85 1157 174 1222 orbis
202 1161 235 1222 te
261 1179 326 1222 non
353 1163 494 1240 caperet:
527 1161 629 1223 altera
657 1182 754 1224 manu
781 1158 957 1238 Orientem,
988 1161 1090 1225 altera

86 1245 293 1311 Occidentem
316 1247 518 1331 contingeres
541 1251 574 1312 et
595 1246 657 1311 hoc
680 1248 848 1312 adsecutus
876 1248 956 1312 scire
983 1249 1090 1332 velles,

83 1334 141 1398 ubi
164 1334 251 1398 tanti
271 1335 413 1399 numinis
435 1335 544 1418 fulgor
563 1335 758 1400 conderetur.
796 1333 848 1400 Sic
872 1340 997 1418 quoque
1016 1357 1089 1401 con-

84 1423 237 1506 cupisciS,
268 1444 349 1506 quae
380 1444 446 1487 non
473 1423 571 1506 capis.
619 1423 671 1488 Ab
698 1424 830 1508 Europa
856 1425 940 1507 petis
967 1423 1090 1504 Asiam,
1109 1443 1141 1491 13

84 1531 122 1574 ex
135 1511 219 1574 Asia
236 1511 354 1574 transis
368 1510 403 1574 in
416 1510 595 1594 Europam:
614 1511 736 1595 deinde,
754 1513 783 1576 ai
796 1512 971 1576 humanum
988 1532 1089 1596 genus

84 1619 179 1663 omne
202 1599 415 1682 superaveris,
438 1621 510 1664 cum
534 1600 622 1665 silvis
644 1604 676 1664 et
697 1601 825 1665 nivibus
849 1603 882 1664 et
903 1599 1089 1665 fluminibus

82 1686 225 1770 ferisque
249 1687 361 1751 bestiis
384 1690 534 1771 gesturus
553 1710 586 1752 es
608 1688 739 1754 bellum.
776 1687 880 1764 Quid?
903 1692 940 1753 tu
957 1688 1088 1772 ignoras
1109 1706 1141 1754 14

83 1774 216 1839 arbores
252 1795 387 1859 magnas
424 1775 478 1840 diu
513 1797 667 1857 crescere,
702 1799 766 1841 una
799 1776 880 1841 hora
911 1775 1088 1858 extirpari?

83 1861 212 1927 Stultus
244 1868 307 1942 est,
340 1863 394 1947 qui
424 1863 546 1929 fructus
577 1885 687 1927 earum
716 1867 852 1948 spectat,
884 1862 1088 1929 altitudinem

82 1972 149 2015 uon
175 1951 319 2015 metitur.
364 1949 460 2036 Vide,
485 1973 540 2036 ne,
568 1951 645 2016 dum
672 1952 712 2016 ed
739 1973 891 2017 cacumen
922 1952 1088 2035 pervenire

83 2038 269 2118 contendis,
292 2060 364 2104 cum
386 2040 467 2122 ipsis
490 2039 603 2122 ramis,
631 2061 710 2124 quos
734 2040 1015 2124 conprehenderis,
1036 2040 1088 2104 de·

83 2127 182 2191 oidaa.
221 2125 285 2191 Leo
305 2148 430 2210 quoque
449 2128 619 2210 aliquando
638 2128 842 2192 minimarum
863 2129 971 2194 avium
989 2129 1089 2212 pabu·
1109 2145 1140 2196 15

81 2214 151 2278 lum
168 2214 235 2278 fuit
253 2219 285 2279 et
302 2214 424 2280 ferrum
438 2215 553 2301 rubigo
568 2217 736 2281 consumit.
771 2216 863 2282 Nihil
880 2220 946 2281 tam
961 2217 1088 2282 firmum

81 2309 147 2385 est,
175 2303 227 2366 cui
252 2303 430 2386 periculum
457 2325 523 2368 non
550 2305 593 2369 sit
620 2305 718 2369 etiam
741 2305 781 2370 ab
809 2306 960 2371 inualido.
1005 2304 1088 2382 Quid
1108 2325 1141 2373 16

79 2391 178 2455 nobis
201 2393 308 2455 tecum
332 2390 405 2455 est?
445 2389 630 2476 Numquam
656 2397 776 2458 terram
798 2398 888 2458 tuam
912 2393 1088 2479 attigimus.

80 2477 146 2554 Qui
169 2478 228 2561 sis,
249 2478 332 2542 unde
355 2479 479 2558 venias,
506 2481 622 2544 licetne
643 2481 792 2566 ignorare
815 2481 849 2544 in
871 2482 973 2545 vastis
997 2481 1086 2545 silvis

78 2566 289 2631 viventibus?
334 2565 402 2630 Neo
425 2568 543 2632 servire
570 2569 628 2632 ulli
651 2591 821 2652 possumus
844 2589 902 2631 nec
929 2568 1087 2650 imperare

79 2654 308 2719 desideramus.
358 2652 451 2720 Dona
478 2655 569 2720 nobis
602 2656 677 2721 data
705 2661 792 2739 sunt,
822 2677 862 2719 ne
894 2652 1086 2739 Scytharum
1107 2675 1139 2723 ιτ

2 2771 3 2832 j
79 2747 215 2826 gentem
245 2743 391 2826 ignores,
427 2744 537 2828 iugum
569 2745 666 2808 boum
698 2747 731 2808 et
767 2748 923 2828 aratrum,
959 2744 1087 2828 sagitta,

2 2861 3 2914 3
78 2831 187 2914 hasta,
209 2835 331 2914 patera
366 2830 428 2895 His
451 2835 571 2896 utimur
594 2836 721 2897 etcum
745 2831 856 2896 amicis
880 2835 913 2895 et
935 2831 1087 2898 adversus

2 2927 3 2930 ’
77 2920 239 2983 inimicos.
273 2917 396 3004 Fruges
411 2920 522 2984 amicis
541 2920 653 2984 damus
671 2921 770 2984 boum
788 2919 899 2984 labore
915 2921 1087 3006 quaesitas,
1107 2941 1139 2989 18

77 3013 196 3091 patera
214 3027 286 3071 cum
309 3006 411 3071 isdem
429 3009 540 3072 uinum
558 3008 607 3093 dis
629 3007 777 3086 libamus,
798 3007 946 3074 inimicos
968 3009 1088 3092 sagitta

78 3096 219 3177 eminus,
247 3095 344 3160 hasta
370 3097 547 3161 comminus
574 3095 723 3180 petimus.
768 3093 821 3160 Sic
843 3093 956 3180 Syriae
978 3118 1087 3181 regem

77 3189 110 3249 et
134 3187 254 3267 postea
271 3181 441 3248 Persarum
459 3183 689 3268 Medorumque
712 3185 946 3269 superavimus,
968 3185 1087 3268 patuit

77 3294 141 3358 que
168 3271 264 3337 nobis
292 3271 356 3336 iter
381 3293 481 3356 usque
509 3273 544 3336 iu
570 3271 765 3356 Aegyptum.
813 3274 860 3337 At
886 3276 936 3357 tu,
968 3274 1023 3357 qui
1054 3277 1087 3338 te
1106 3295 1138 3344 19

76 3360 231 3446 gloriaris
264 3359 305 3423 ad
336 3359 480 3424 latrones
515 3360 751 3446 persequendos
782 3363 905 3444 venire,
941 3361 1086 3426 omnium

76 3449 233 3534 gentium,
252 3469 332 3532 quas
352 3448 458 3532 adisti,
479 3448 565 3514 latro
585 3470 627 3513 es.
663 3448 797 3533 Lydiam
816 3449 937 3533 cepisti,
956 3449 1085 3533 Syriam

76 3537 258 3620 occupasti,
289 3534 453 3601 Persidem
486 3539 591 3622 tenes,
622 3535 811 3602 Bactrianos
838 3537 938 3602 habes
968 3538 1002 3602 in
1028 3559 1085 3622 po·

74 3628 210 3710 testate,
241 3623 338 3690 Indos
370 3625 495 3709 petisti:
526 3625 592 3690 iam
625 3625 723 3690 etiam
754 3625 794 3689 ad
827 3646 945 3709 pecora
972 3629 1085 3690 nostra
