2602 4094
208 197 274 264 250
583 198 615 264 Q.
635 196 744 252 CUltTI
761 197 848 252 RUFI

207 342 335 428 quidem
366 342 506 422 sancius,
540 342 595 406 sed
627 343 748 408 maiore
780 339 922 424 periculo
954 362 1051 425 quam
1082 340 1212 406 vulnere

208 430 365 515 adfectus,
391 430 477 516 regis
505 430 755 495 sollicitudinem
777 431 812 494 in
834 450 869 493 se
892 432 1102 494 converterat
1132 427 1213 494 San·

209 519 307 603 guina
322 519 511 584 coniunctus
530 522 599 583 erat
616 522 649 584 et
669 519 799 603 quidam
811 516 964 600 Philippo
978 519 1122 598 genitum
1139 539 1213 582 esse

155 619 190 668 aa
209 607 392 691 eredebant,
423 609 508 672 certe
539 607 641 690 palice
668 608 736 672 eius
763 609 870 671 ortum
899 607 1079 672 constabat.
1121 605 1214 670 Idem

209 695 351 780 corporis
388 698 497 760 custos
532 695 856 780 promptissimusque
890 694 1028 758 bellator
1059 697 1093 759 et
1121 694 1212 778 pacis

210 785 332 850 artibus
355 803 451 866 quam
473 782 608 848 militiae
629 784 734 848 maior
756 785 789 848 et
811 782 942 848 clarior:
964 783 1091 848 modico
1113 783 1214 847 civili-

209 893 270 956 que
292 872 390 953 cultu,
412 871 556 936 liberalis
578 873 612 937 in
634 871 748 956 primis
771 870 925 957 adituque
947 870 1046 954 facili,
1068 870 1150 934 nihil
1172 891 1213 934 ex

155 969 191 1020 al
209 961 296 1025 fastu
317 960 427 1043 rogiae
446 957 675 1044 adsumpserat
720 959 769 1025 Ob
792 959 873 1025 haec
893 960 965 1043 regi
987 981 1030 1024 an
1051 958 1215 1044 populari·

209 1048 270 1113 bus
293 1047 398 1113 carior
420 1052 518 1133 esset,
540 1048 683 1114 dubitari
703 1051 844 1132 poterat:
872 1051 942 1112 tum
965 1051 1050 1112 certe
1073 1049 1215 1131 primum

210 1140 358 1220 expertus
380 1158 511 1202 suorum
534 1137 672 1216 animos,
699 1137 779 1202 adeo
801 1140 839 1200 ut
859 1136 1036 1220 fortunam,
1058 1136 1094 1200 in
1115 1156 1216 1221 quam

209 1228 323 1308 postea
353 1224 510 1308 ascendit,
541 1225 575 1289 in
602 1224 661 1289 illo
691 1224 833 1308 periculo
860 1223 1050 1290 Macedones
1079 1225 1217 1289 ominati

155 1323 191 1372 aa
211 1333 280 1378 esse
311 1313 487 1378 videantur.
541 1312 667 1397 Quippe
702 1335 768 1378 non
803 1313 905 1378 levior
935 1313 1003 1378 illis
1034 1311 1217 1378 Ptolemaei

209 1401 272 1467 init
293 1422 378 1485 cura,
400 1423 498 1487 qnam
520 1401 617 1487 regis.
658 1401 720 1477 Qui
743 1405 776 1466 et
797 1401 921 1486 proelio
945 1403 978 1465 et
998 1401 1217 1468 sollieitudine

209 1489 366 1576 fatigatus
398 1511 470 1555 cum
500 1489 688 1555 Ptolemaeo
720 1489 892 1574 adsideret,
923 1489 1056 1573 lectum,
1085 1490 1119 1554 in
1149 1511 1216 1574 quo

155 1589 190 1638 aa
210 1579 279 1663 ipss
302 1578 533 1663 adquiesceret,
555 1578 653 1643 iussit
674 1577 793 1643 inferri.
837 1575 876 1642 In
899 1598 993 1662 quem
1014 1582 1053 1643 ut
1074 1600 1109 1643 se
1130 1599 1218 1643 rece·

209 1667 270 1750 pit,
302 1667 449 1750 protinus
481 1667 577 1732 altior
608 1667 770 1732 insecutus
801 1669 852 1732 est
883 1686 1023 1731 somnus.
1066 1664 1118 1731 Ex
1148 1688 1218 1751 quo

209 1756 367 1821 excitatus
390 1777 448 1838 per
471 1755 609 1840 quietem
630 1754 751 1820 vidisse
774 1775 809 1820 se
831 1756 962 1839 exponit
985 1755 1123 1839 speciem
1142 1755 1219 1820 dra-

209 1845 298 1916 conis
326 1844 469 1908 oblatam
494 1843 628 1908 herbam
654 1843 789 1908 ferentis
817 1864 884 1927 ore,
910 1864 1006 1927 quam
1028 1844 1142 1908 veneni
1166 1865 1220 1908 re-

209 1932 350 1997 medium
372 1953 442 1996 esse
464 1936 690 1997 monstrasset:
713 1933 852 1997 colorem
875 1952 1002 2016 quoque
1023 1929 1142 1996 herbae
1165 1953 1221 1996 re·

209 2019 348 2103 ferebat,
380 2020 600 2105 adgniturum,
632 2020 660 2084 si
689 2020 760 2104 quis
791 2020 999 2104 repperisset,
1030 2019 1220 2085 adfirmans.

159 2117 190 2167 ²⁷
210 2107 377 2173 Inventam
400 2109 512 2173 deinde
526 2144 570 2155 -
584 2109 702 2193 qnippe
724 2130 745 2172 a
766 2108 884 2173 multis.
901 2108 999 2172 simul
1021 2113 1092 2172 erat
1108 2110 1220 2192 requi·

211 2195 274 2260 sita
288 2195 469 2261 -vulneri
491 2197 637 2280 inposuit
656 2197 866 2281 protinusque
888 2196 999 2261 dolore
1016 2195 1109 2261 finito
1126 2197 1221 2262 intra

157 2292 191 2343 28
211 2285 306 2350 breve
329 2285 469 2368 spatium
490 2285 624 2350 cicatrix
647 2305 772 2369 quoque
795 2285 934 2351 obducta
954 2288 1011 2350 est
1050 2283 1219 2350 Barbaros

209 2376 246 2438 ut
263 2372 371 2457 prima
388 2395 461 2458 spes
479 2372 650 2457 fefellerat,
667 2373 808 2457 seipsos
825 2373 1000 2457 urbemque
1016 2372 1218 2439 dediderunt

296 2460 382 2527 Hinc
408 2463 443 2527 in
472 2461 652 2546 proximam
684 2465 813 2546 gentem
839 2461 999 2526 Pataliam
1022 2466 1216 2544 perventum
1226 2461 1266 2527 sl

210 2554 267 2617 est.
310 2549 380 2616 Rex
407 2554 478 2616 erat
503 2549 637 2633 Moeris,
669 2549 725 2635 qui
755 2550 835 2614 urbe
865 2550 992 2614 deserta
1022 2550 1058 2614 in
1088 2553 1216 2616 montes

157 2649 191 2699 29
210 2639 406 2726 profugerat
441 2638 555 2724 Itaque
572 2636 755 2702 Alexander
777 2637 896 2722 oppido
913 2638 1038 2720 potitur
1056 2659 1217 2724 agrosque
1292 2677 1293 2700 r

209 2727 393 2812 populatur.
437 2727 574 2812 Magnae
596 2725 670 2790 inde
693 2726 830 2810 praedae
854 2729 945 2791 actae
966 2729 1043 2792 sunt
1061 2747 1216 2810 pecorum
1292 2711 1293 2788 l

156 2826 191 2875 80
210 2820 504 2901 armentorumque,
522 2837 640 2901 magna
657 2814 706 2880 ris
725 2817 853 2899 reperta
871 2814 1034 2880 frumenti.
1069 2813 1216 2880 Ducibus
1292 2871 1293 2902 ,

209 2903 323 2968 deinde
342 2905 478 2988 sumptis
498 2906 600 2970 amnis
619 2902 732 2987 peritis
751 2902 883 2968 defluxit
900 2903 1093 2968 adinsulam
1108 2902 1215 2968 medio
1292 2917 1293 2938 ¹

208 2991 308 3056 ferme
332 2991 425 3056 alveo
448 2996 586 3058 enatam.

633 3148 712 3216 Ore.
735 3149 791 3216 IX.

8 3237 10 3344 l
176 3267 190 3318 1
296 3254 348 3322 Ibi
366 3255 486 3322 diutius
503 3257 678 3322 subsistere
693 3258 830 3339 coactus,
848 3255 925 3341 quia
938 3255 1035 3320 duces
1049 3256 1216 3321 socordius
1292 3255 1293 3280 l

8 3347 10 3356 ⁴
210 3344 370 3411 adservati
402 3343 624 3430 profugerant,
656 3343 759 3430 misit,
786 3344 842 3430 qui
869 3345 1092 3428 conquirerent
1119 3343 1217 3409 alios:

208 3455 268 3500 nec
294 3435 432 3519 repertis
457 3434 606 3518 pervicax
628 3433 745 3518 cupido
768 3432 892 3498 visendi
913 3431 1076 3498 Oceanum
1099 3432 1218 3497 adeun·
1292 3455 1293 3458 ¹

210 3522 304 3606 dique
335 3523 491 3587 terminos
529 3519 639 3585 mundi
670 3522 738 3586 sine
774 3519 914 3606 regionis
946 3521 1059 3605 peritis
1090 3521 1218 3586 flumini

209 3613 322 3694 ignoto
350 3613 446 3692 caput
475 3629 569 3674 suum
591 3611 703 3692 totque
726 3608 976 3675 fortissimorum
998 3609 1144 3675 virorum
1167 3631 1217 3676 sa·
