2552 4108
231 182 274 248 20
600 182 631 248 Q.
651 182 759 238 CURTI
776 181 863 239 eorl

232 327 431 413 domitaeque
457 347 560 410 nuper
573 325 726 391 Boeotiae
748 330 781 392 et
802 327 890 391 urbis
907 327 941 392 in
959 348 998 392 ea
1013 327 1227 393 nobilissimae

232 415 272 482 ad
295 418 398 482 solum
421 414 544 480 dirutae
562 415 682 498 species
700 415 998 498 repraesentabatur
1011 417 1141 480 animis.
1167 417 1228 480 Iam

232 502 404 570 Granicum
431 523 569 585 amnem,
600 506 650 567 tot
680 503 775 568 urbes
802 506 857 568 aut
883 508 1082 588 expugnatas
1117 505 1228 570 autin

230 593 325 658 fidem
348 594 501 675 acceptas,
524 589 640 675 omnia,
662 612 867 674 quaecunque
890 595 965 673 post
985 594 1116 675 tergum
1136 597 1228 674 erant,

197 684 334 750 astrata
361 683 393 744 et
415 677 548 762 pedibus
570 678 713 761 ipsorum
736 679 878 744 subiecta
899 680 1106 744 memorabat
1157 679 1229 745 Cum

232 768 353 832 adierat
380 765 532 850 Graecos,
564 766 768 850 admonebat,
800 767 840 832 ab
870 767 922 832 his
954 767 1103 852 gentibus
1135 769 1229 832 inlata

232 853 383 920 Graeciae
409 854 493 919 bella
518 851 616 918 Darei
641 854 743 938 prius,
771 854 884 920 deinde
907 853 1021 920 Xerxis
1049 855 1229 937 insolentia,

231 965 347 1026 aquam
384 943 471 1026 ipsos
502 946 681 1027 terramque
711 943 925 1026 poscentium,
959 946 998 1008 ut
1026 964 1134 1027 neque
1167 944 1229 1008 fon·

231 1032 312 1096 tium
343 1030 440 1096 hauet
426 1033 494 1094 tum
525 1051 584 1096 nee
613 1032 724 1096 solitos
752 1031 839 1095 cibos
864 1031 1083 1115 relinquerent
1110 1032 1230 1097 deditis.

197 1118 283 1188 sAb
314 1117 365 1184 his
396 1119 517 1202 templa
544 1119 645 1184 ruinis
672 1122 706 1183 et
730 1119 858 1202 ignibus
888 1140 957 1184 esse
986 1118 1106 1203 deleta,
1141 1121 1229 1186 urbes

231 1229 340 1272 eorum
363 1211 524 1292 expugnat
525 1230 569 1291 as,
592 1207 719 1273 foedera
737 1207 836 1272 divini
853 1207 1077 1290 humanique
1068 1209 1152 1272 ruris
1172 1208 1229 1271 rio·

180 1313 213 1362 ιο
231 1296 298 1359 lata
263 1294 485 1360 treferebat.
528 1258 654 1380 illyrios
675 1316 750 1360 vero
774 1298 806 1358 et
828 1294 982 1378 Thracas,
1010 1299 1105 1380 rapto
1129 1297 1228 1360 vivere

232 1383 393 1462 adsuetos,
426 1383 526 1448 aciem
555 1382 697 1448 hostium
727 1405 803 1448 auro
826 1404 1031 1467 purpuraque
1053 1383 1229 1469 fulgentem

230 1471 347 1536 intueri
369 1471 512 1553 iubebat,
539 1470 703 1554 praedam,
725 1493 791 1535 non
814 1493 903 1534 arma
925 1473 1121 1554 gestantem:
1152 1473 1228 1535 irent

230 1564 263 1625 et
284 1560 456 1625 inbellibus
478 1558 606 1622 feminis
625 1580 737 1622 aurum
752 1559 812 1622 viri
826 1560 991 1642 eriperent,
1014 1580 1132 1642 aspera
1146 1579 1227 1623 mon-

229 1649 311 1714 tium
334 1668 463 1713 suorum
486 1645 562 1731 iuga
583 1647 749 1730 nudasque
767 1647 864 1710 calles
879 1650 911 1710 et
923 1650 1076 1730 perpetuo
1090 1648 1228 1733 rigentes

231 1739 304 1822 gelu
328 1735 446 1802 ditibus
468 1733 637 1800 Persarum
660 1735 779 1818 campis
803 1735 950 1819 agrisque
973 1737 1148 1801 mutarent

657 1891 734 1958 Cre.
755 1891 811 1958 XI.

197 2017 211 2066 1
319 1997 389 2062 Iam
416 1999 456 2063 ad
483 2000 539 2064 teli
566 2001 684 2064 iactum
711 2000 935 2080 pervenerant,
967 2018 1039 2062 cum
1060 1990 1254 2062 Persarumt

232 2085 352 2168 equites
374 2085 521 2151 ferociter
543 2087 577 2150 in
595 2088 720 2150 laevum
738 2107 837 2152 cornu
854 2086 996 2151 hostium
1012 2085 1132 2150 invecti
1147 2087 1226 2148 sunt:

232 2174 348 2257 quippe
363 2171 486 2236 Dareus
505 2175 643 2255 equestri
665 2174 785 2256 proelio
804 2175 971 2239 decernere
990 2173 1133 2256 optabat,
1157 2173 1227 2258 pha·

230 2263 359 2346 langem
390 2259 588 2325 Macedonici
623 2261 777 2325 exercitus
808 2263 907 2327 robur
937 2283 1005 2326 esse
1037 2261 1226 2327 coniectans.

231 2348 361 2432 Iamque
389 2348 485 2412 etiam
512 2347 656 2412 dextrum
678 2349 851 2414 Alexandri
878 2371 976 2417 cornu
998 2349 1227 2414 circumibatur.

197 2457 213 2506 a
233 2435 324 2512 Quod
351 2436 407 2501 ubi
428 2435 560 2501 Macedo
588 2438 763 2522 conspexit,
793 2438 915 2502 duabus
943 2437 1002 2502 alis
1025 2437 1171 2520 equitum
1194 2432 1227 2498 ad

231 2527 342 2610 iugum
378 2524 497 2591 montis
528 2525 622 2590 iussis
652 2526 835 2611 subsistere,
873 2529 994 2591 ceteros
1026 2525 1061 2590 in
1092 2526 1227 2589 medium

197 2614 307 2682 ebeni
330 2613 498 2680 discrimen
520 2616 646 2677 strenue
668 2613 828 2678 transfert.
864 2611 1034 2678 Subductis
1058 2611 1174 2676 deinde
1196 2629 1227 2673 ex

233 2702 298 2766 acie
321 2701 483 2766 Thessalis
506 2701 664 2786 equitibus
687 2702 882 2786 praefectum
905 2723 1015 2766 eorum
1032 2701 1157 2766 occulte
1177 2699 1228 2764 cir·

233 2789 349 2854 cumire
376 2794 502 2892 tergum
525 2811 656 2854 suorum
681 2790 771 2854 iubet
775 2788 1057 2891 Parmenionique
1080 2784 1227 2888 coniungi

197 2881 277 2979 set,
310 2878 435 2980 quod
425 2900 454 2941 is
484 2879 685 2962 imperasset
714 2878 840 2963 inpigre
867 2878 988 2961 exequi.
1031 2876 1227 2960 Iamquein·

232 2965 321 3030 missi
343 2967 378 3030 in
400 2966 538 3031 medium
550 2928 720 3030 Persardm
742 2965 881 3050 undique
904 2963 1085 3032 circumfusi
1105 2962 1228 3048 egregie

231 3075 329 3136 regem
363 3053 547 3138 tuebantur,
584 3055 639 3119 sed
670 3054 807 3119 conferti
838 3057 871 3118 et
902 3053 994 3138 quasi
1025 3053 1227 3116 cohaerentes

232 3143 296 3206 tela
327 3141 452 3206 vibrare
484 3163 551 3206 non
581 3146 744 3225 poterant:
787 3142 882 3206 simul
913 3143 1006 3206 erant
1037 3140 1168 3223 emissa,
1198 3138 1228 3200 in

231 3228 360 3294 eosdem
398 3231 618 3294 concurrentia
653 3231 887 3332 inplicabantur
920 3229 1045 3329 levique
1081 3231 1114 3291 et
1148 3245 1226 3291 vano

231 3317 298 3382 ictu
320 3338 421 3401 pauca
443 3317 477 3379 in
498 3317 636 3400 hostem,
665 3320 788 3403 plura'
779 3341 813 3383 ιιι
834 3318 997 3382 humum'
988 3316 1119 3397 mnoxia
1140 3316 1226 3380 cade-

232 3406 319 3470 bant.
297 3403 452 3489 tErgo
481 3406 656 3471 comminus
682 3428 825 3492 pugnam
854 3406 955 3471 coacti
978 3425 1141 3469 conserere
1165 3404 1225 3505 gla-

197 3492 337 3564 sdios'
328 3493 453 3577 inpigre
481 3495 651 3579 stringunt.
692 3496 773 3561 Tum
800 3515 875 3559 vero
903 3494 984 3558 mult
971 3497 1039 3557 tum
1066 3489 1225 3576 sanguinis

231 3579 339 3646 fusum
371 3586 434 3647 est:
480 3581 560 3647 duae
592 3585 708 3668 quippe
740 3584 823 3648 acies
853 3582 901 3645 ita
935 3580 1160 3665 cohaerebant,
1195 3579 1226 3641 ut
