2600 4096
218 158 284 223 146
594 161 625 227 Q.
645 158 756 216 CURTI
772 159 859 215 RUFI

163 317 198 366 21
221 303 370 370 sontibus
383 305 547 370 remittere
562 303 669 368 edixit.
705 302 853 368 Philotas
871 324 989 369 verone
1004 325 1045 368 an
1058 302 1221 368 mendacio
1230 304 1265 368 43

220 393 357 458 liberare
380 414 415 458 se
437 415 457 458 a
480 393 623 458 cruciatu
646 392 799 473 voluerit,
822 414 938 476 anceps
963 392 1146 457 coniectura
1168 396 1223 474 est,

221 481 373 565 quoniam
403 485 436 547 et
467 502 543 546 vera
570 479 726 545 confessis
756 485 788 545 et
816 481 900 545 falsa
931 480 1113 546 dicentibus
1140 480 1223 545 idem

167 583 201 630 22
221 569 340 635 doloris
364 570 438 634 finis
462 568 652 634 ostenditur:
675 573 826 651 ceterum,
849 568 969 634 ‘Pater'
991 569 1106 653 inquit,
1125 567 1223 633 ‘meus

220 657 406 742 Hegelocho
429 679 526 741 quam
554 656 758 722 familiariter
779 679 857 722 usus
881 658 937 742 sit,
964 678 1032 722 non
1053 658 1226 742 ignoratis:

221 747 312 812 illum
338 746 409 811 dico
436 744 672 831 Hegelochum,
700 746 754 829 qui
780 746 815 810 in
837 745 905 810 acie
928 745 1055 811 cecidit:
1083 747 1225 811 omnium

168 849 202 896 23
222 835 380 899 malorum
398 835 493 899 nobis
511 836 540 900 is
561 833 624 898 fuit
642 855 746 899 causa.
791 832 877 898 Nam
896 855 968 899 cum
986 834 1127 918 primum
1140 832 1226 899 Iovis

221 922 325 987 filium
343 944 376 988 se
396 922 531 988 salutari
544 922 639 987 iussit
653 943 717 1006 rex,
735 922 767 986 id
784 922 914 1008 indigne
928 922 1033 987 ferens
1048 923 1114 1006 illc,
1132 921 1226 987 ‘hunc

222 1011 322 1095 igitur
347 1031 457 1095 regem
479 1011 720 1096 adgnoscimus,
747 1010 865 1095 inquit,
887 1011 942 1095 qui
964 1010 1153 1094 Philippum
1175 1010 1225 1073 de·

222 1099 373 1184 dignatur
394 1102 452 1184 pat
437 1099 618 1164 ttrem?
566 1103 674 1164 actum
697 1106 746 1163 est
768 1099 806 1163 de
831 1099 939 1181 nobiS,
962 1099 991 1163 si
1013 1100 1078 1164 ista
1101 1098 1225 1183 perpeti

221 1208 401 1270 possumus.
422 1188 499 1254 Non
515 1187 662 1253 homines
677 1187 791 1271 solum,
809 1188 912 1252 redte
898 1187 977 1252 tiam
991 1187 1067 1252 deos
1082 1187 1226 1272 despicit,

169 1288 204 1336 24
223 1277 278 1360 qui
300 1277 446 1360 postulat
468 1277 544 1342 deus
568 1275 663 1341 credi.
702 1275 880 1340 Amisimus
897 1275 1214 1361 Alexandrum,am1
1152 1296 1226 1340 amr-

223 1364 322 1429 simus
340 1385 463 1449 regem:
487 1364 689 1430 incidimus
679 1384 714 1427 1n
736 1364 928 1447 superbiam,
951 1385 1010 1428 nec
1030 1364 1088 1450 dis,
1111 1365 1225 1449 quibus

223 1475 256 1517 se
279 1457 444 1537 exaequat,
466 1474 524 1518 neo
545 1451 746 1535 hominibus,
762 1454 885 1552 quibus
908 1473 942 1517 se
965 1453 1086 1536 eximit,
1108 1452 1224 1518 tolera

170 1555 203 1604 25
221 1542 328 1608 bilem
363 1504 449 1608 Nosl
435 1546 527 1606 trono
545 1541 699 1625 sanguine
718 1534 811 1605 deirm
827 1541 970 1624 fecimus,
988 1541 1044 1624 qui
1063 1563 1124 1606 nos
1138 1540 1225 1604 fasti·

222 1630 290 1695 diat
295 1630 312 1694 1
332 1629 387 1714 qui
402 1633 513 1715 gravet
513 1651 552 1693 ur
499 1629 753 1694 tmortaliunr
768 1629 857 1695 adire
871 1629 1064 1695 concilium?
1097 1627 1224 1696 Credite

170 1733 203 1781 26
223 1719 304 1783 mihi
328 1722 361 1784 et
382 1740 451 1801 nos,
474 1718 502 1783 si
527 1717 589 1783 viri
612 1739 731 1800 sumus,
754 1739 774 1781 a
795 1717 845 1782 dis
868 1718 966 1802 adopt
952 1717 1102 1783 tabimur.
1151 1715 1225 1794 Quis

222 1829 378 1891 proavum
404 1806 499 1872 huius
526 1805 733 1885 Archelaum,
761 1806 833 1890 quis
861 1806 974 1871 deinde
997 1805 1224 1886 Alexandrum,

223 1896 294 1979 quis
317 1895 501 1961 Perdiccam
529 1895 651 1960 occisos
679 1894 766 1958 ultus
794 1894 864 1958 cst?
892 1895 945 1959 hio
973 1895 1102 1978 quidem
1131 1896 1223 1959 inter·

169 1996 202 2044 27
223 1984 398 2048 lectoribus
415 1985 517 2068 patris
532 1982 678 2067 ignovit'.
709 1981 798 2048 Haec
812 1982 1017 2068 Hegelochus
1032 1983 1113 2048 dixit
1133 2001 1223 2066 super
1285 1975 1286 1992 ¹

223 2092 348 2134 cenam:
381 2075 413 2136 et
439 2075 569 2156 postero
597 2072 648 2136 die
674 2072 780 2156 prima
807 2072 878 2137 luce
906 2093 925 2135 a
951 2074 1044 2154 patre
1071 2091 1222 2136 accersor.

222 2158 338 2222 Tristis
358 2163 428 2223 erat
446 2164 478 2224 et
495 2181 547 2223 me
565 2163 722 2224 maestum
737 2159 876 2225 videbat.
902 2158 1115 2224 Audieramus
1133 2160 1221 2238 enim,

169 2259 203 2308 28
223 2267 304 2330 quae
323 2245 574 2312 sollicitudinem
591 2247 780 2314 incuterent
815 2247 929 2332 Itaque
947 2251 984 2313 ut
1002 2249 1221 2332 experiremur,

222 2339 371 2400 utrumne
395 2335 469 2400 vino
492 2339 644 2420 gravatus
668 2336 833 2401 effudisset
855 2337 927 2419 illa,
951 2358 993 2400 an
1016 2336 1131 2402 altiore
1156 2357 1221 2402 con·
1284 2329 1285 2342 ¹

222 2427 316 2508 cepta
338 2423 487 2508 consilio,
514 2424 635 2490 accersi
661 2445 733 2489 eum
756 2425 886 2508 placuit.
931 2423 1031 2489 Venit
1053 2425 1222 2508 eodemque

222 2535 367 2579 sermone
381 2513 467 2579 ultro
485 2512 623 2596 repetito
642 2512 767 2596 adiecit,
785 2536 828 2596 se,
847 2514 913 2578 sire
928 2513 1116 2579 auderemus
1131 2513 1220 2579 duces

223 2624 306 2686 csse,
328 2603 492 2689 proximas
516 2624 536 2666 a
557 2601 652 2666 nobis
675 2604 783 2684 partes
807 2602 1057 2680 vindicaturum,
1084 2603 1152 2667 sive
1173 2601 1221 2665 de·
1283 2668 1284 2685 ,

170 2705 203 2752 22
223 2695 309 2756 esset
335 2691 474 2776 animus,
502 2689 670 2757 consilium
694 2690 822 2755 silentio
846 2712 915 2755 esse
937 2693 1106 2756 tectarum.
1150 2689 1220 2754 Par·

222 2779 363 2843 menioni
383 2782 456 2848 viro
480 2780 584 2845 adhuc
601 2778 709 2844 Dareo
726 2779 956 2862 intempestiva
972 2800 1024 2844 res
1043 2779 1220 2844 ridebatur:

222 2887 287 2932 non
310 2867 396 2932 enim
419 2868 496 2952 sibi,
526 2868 582 2934 sed
604 2867 692 2933 hosti
719 2888 788 2931 esse
815 2867 976 2933 occisuros
998 2867 1221 2943 Alexandrum,

221 2953 328 3019 Dareo
356 2977 431 3020 vero
460 2957 588 3022 sublato
615 2955 791 3040 praemium
819 2957 905 3040 regis
933 2955 1030 3021 occisi
1052 2956 1165 3021 Asiam
1190 2955 1222 3015 et
1282 2997 1283 3017 r

222 3046 327 3108 totum
349 3042 514 3110 Orientem
540 3043 799 3110 interfectoribus
827 3066 897 3109 esse
923 3065 1060 3110 cessura
1099 3044 1219 3127 Adpro-

222 3131 362 3215 batoque
385 3132 519 3199 consilio
544 3135 579 3198 in
600 3132 680 3198 haec
702 3132 780 3197 fides
803 3136 837 3197 et
859 3133 936 3197 data
958 3136 1008 3198 est
1030 3134 1063 3198 et
1086 3133 1220 3216 accepta.

170 3233 204 3281 30
223 3219 315 3296 Quod
344 3221 384 3286 ad
411 3218 576 3304 Dymnum
602 3221 754 3306 pertinet,
784 3221 867 3286 nihil
894 3222 960 3286 scio
989 3225 1021 3286 et
1047 3220 1128 3286 haec
1153 3239 1220 3285 con·
1281 3251 1282 3258 ,

222 3309 347 3377 lessus
358 3309 513 3393 intellego
540 3331 605 3375 non
630 3310 781 3393 prodesse
809 3309 904 3393 mihi,
936 3310 1021 3394 quod
1047 3306 1219 3394 praesentia
1281 3269 1282 3351 l

169 3411 201 3458 31
223 3396 352 3464 sceleris
381 3419 493 3484 expers
526 3421 606 3464 sum.
654 3397 708 3463 Illi
739 3421 850 3465 rursus
881 3399 1051 3464 tormentis
1080 3395 1219 3476 admotis,

222 3508 294 3552 cum
312 3486 377 3571 ipsi
399 3508 526 3572 quoque
544 3486 647 3552 hastis
662 3509 698 3552 os
718 3487 936 3572 oculosque
908 3508 977 3552 erus
996 3485 1220 3563 everberarenl,

168 3587 202 3634 32
223 3595 419 3663 expressere,
445 3581 483 3641 ut
508 3577 571 3642 hoc
598 3595 723 3662 qnoque
747 3577 867 3642 crimen
890 3576 1105 3642 confiteretur.
1148 3570 1220 3639 Eri·
1280 3601 1281 3683 p
