2582 4098
274 176 527 233 ffisrofflneon
544 176 759 234 mannum
777 178 826 249 VI,
844 185 869 236 4.
889 184 915 237 ι.
1040 180 1104 246 125

89 318 218 386 Novem
244 321 388 405 iuvenes,
419 342 530 387 omnes
558 321 670 388 eadem
698 325 802 388 matre
830 322 948 408 geniti,
976 329 1139 408 patremc

90 409 344 474 comitabantur:
369 409 430 474 hos
458 409 640 474 Artabazus
667 410 818 476 dexterae
844 412 932 495 regis
960 411 1104 479 admovit

90 501 250 582 precatus,
271 501 309 562 ut
330 501 401 563 tam
424 498 478 562 diu
500 499 654 582 viverent,
677 498 777 564 donec
799 498 897 564 utiles
918 500 1101 566 Alexandro

91 589 209 652 essent
261 585 331 651 Rex
361 586 497 670 pedibus
529 588 592 651 iter
620 588 807 671 plerumque
837 587 991 653 faciebat:
1025 592 1137 654 tunc⁶

90 673 258 739 admoveri
286 674 349 739 sibi
377 677 411 739 et
435 675 599 740 Artabazo
627 695 726 760 equos
754 675 862 758 iussit,
890 697 931 740 ne
958 677 1031 760 ipso
1054 677 1103 742 in·

90 762 258 847 grediente
276 761 412 846 pedibus
430 783 527 828 senex
545 784 627 847 equo
648 762 724 828 vehi
746 763 957 831 erubesceret

31 869 81 935 15
181 849 228 916 Ut
244 849 358 915 deinde
376 853 484 916 castra
503 855 578 916 sunt
595 851 712 934 posita,
735 849 884 935 Graecos,
907 874 988 938 quos
1006 853 1103 919 Arta·
1122 878 1138 927 ι

90 939 192 1004 bazue
225 939 415 1023 adduxerat,
447 939 618 1004 convocari
643 938 746 1004 iubet:
778 944 813 1006 at
841 941 903 1024 illi,
932 941 995 1007 nisi
1021 940 1103 1008 fides

89 1024 355 1093 Lacedaemoniis
374 1048 501 1112 quoque
521 1031 554 1092 et
567 1026 799 1111 Sinopensibus
816 1028 954 1114 (ιιιιιιι,
971 1051 1104 1113 respon-

89 1115 171 1181 dent
193 1137 237 1198 se,
260 1115 338 1201 quid
360 1117 520 1202 agendum
543 1116 622 1199 ipsis
644 1115 741 1200 foret,
761 1115 1004 1183 deliberaturos.
1044 1118 1136 1184 Lei

90 1203 164 1288 gati
192 1208 285 1268 arant
311 1202 637 1269 lacedaemoniorum
665 1204 758 1269 missi
785 1203 827 1269 ad
853 1204 1009 1288 Dareum,
1039 1229 1103 1291 quo

90 1292 180 1358 victo
212 1291 434 1375 adplicuerant
466 1314 499 1358 se
530 1291 660 1358 Graecis
692 1293 838 1358 mercede
870 1293 955 1377 apud
986 1293 1103 1360 Persas

91 1380 322 1445 militantibus.
352 1379 422 1446 Rex
440 1381 569 1446 omissis
588 1381 797 1464 sponsionum
811 1380 948 1465 fideique
962 1381 1104 1466 pignori·
1122 1397 1138 1447 8

90 1469 155 1532 bus
182 1470 291 1533 venire
317 1489 370 1534 eos
398 1468 507 1553 iussit,
533 1468 711 1553 fortunam,
739 1491 836 1553 quam
862 1469 932 1553 ipse
955 1470 1103 1554 dedisset,

90 1557 273 1622 habituros.
312 1554 379 1622 Diu
401 1559 590 1622 cunctantes
612 1557 775 1642 plerisque
795 1558 931 1624 consilia
948 1559 1104 1622 varianti·

90 1646 155 1710 bus
182 1645 312 1710 tandem
339 1648 490 1710 venturos
516 1666 550 1709 se
576 1646 782 1729 pollicentur.
826 1645 872 1710 At
893 1645 1138 1712 Democratese

90 1733 317 1815 Atheniensis,
344 1733 399 1818 qui
427 1733 566 1798 maxime
593 1732 806 1798 Macedonum
832 1734 950 1816 opibus
977 1756 1104 1818 semper

91 1821 276 1900 obstiterat,
294 1823 389 1886 venia
410 1819 578 1905 desperata
595 1821 705 1907 gladio
724 1843 758 1886 se
776 1822 1046 1907 transfigitt
986 1821 1046 1888 Cet
1047 1822 1104 1906 eri,

93 1909 179 1974 sicut
200 1869 444 1994 conitituerant,
466 1909 585 1973 dicioni
606 1909 812 1974 Alexandri
803 1930 892 1993 ipsos
915 1933 950 1975 se
972 1912 1104 1996 permit

92 1999 178 2062 tunt
229 1997 320 2062 Mille
352 2002 385 2063 ιι
410 2015 436 2062 ι)
463 1998 584 2062 milites
614 2001 720 2062 erant:
749 2003 844 2081 praet
845 2019 880 2064 er
829 1999 970 2064 thos
1002 1998 1104 2086 legati
1124 2017 1157 2067 ιο

92 2085 135 2150 ad
162 2083 304 2150 Dareum
331 2085 424 2150 missi
449 2103 504 2151 xe
555 2084 593 2149 Iu
621 2085 881 2169 supplementum
910 2086 1065 2153 distribut
1050 2091 1103 2153 tus

91 2173 203 2257 miles,
232 2173 330 2238 ceteri
356 2174 485 2239 remissi
512 2179 642 2239 domum
670 2179 799 2256 practer
823 2174 1105 2260 Lacedaemonios,

92 2282 177 2346 quos
200 2261 317 2326 tradi
306 2282 343 2325 ιιι
366 2262 546 2327 custodiam
567 2263 671 2331 iussit

37 2352 80 2417 16
183 2347 368 2414 Mardorum
382 2354 453 2414 erat
466 2369 546 2435 gens
561 2351 696 2416 confinis
709 2349 901 2436 Hyrcaniae,
915 2353 1004 2418 cultu
1017 2353 1104 2418 vitae
1125 2373 1155 2420 11

92 2459 212 2521 aspera
244 2441 277 2502 et
303 2438 484 2503 latrociniis
512 2437 658 2505 adsueta:
688 2439 768 2504 haec
795 2440 867 2505 sola
891 2461 951 2505 nec
977 2441 1104 2525 legatos

92 2527 229 2592 miserat
260 2547 318 2592 nec
345 2526 514 2608 videbatur
539 2527 699 2612 imperata
725 2528 859 2593 factura.
906 2527 1022 2610 Itaque
1048 2549 1105 2592 rex

91 2614 297 2699 indignatus,
326 2615 355 2678 si
384 2637 449 2680 una
480 2635 559 2701 gens
588 2619 701 2700 posset
727 2616 866 2696 efficere,
897 2637 939 2679 ne
965 2615 1105 2680 invictus

91 2706 192 2786 esset,
212 2703 441 2787 inpedimentis
465 2725 537 2768 cum
559 2704 719 2788 praesidio
741 2703 865 2769 relictis
884 2702 991 2769 valida
1008 2725 1105 2769 manu

93 2791 273 2856 comitante
292 2791 447 2875 procedit.
491 2790 601 2858 Noctu
623 2793 687 2857 iter
707 2791 830 2856 iecerat
852 2794 885 2856 et
907 2791 1013 2875 prima
1034 2792 1105 2858 luce
1125 2813 1157 2860 ιι

91 2879 230 2944 Ιιοιιιι
219 2901 255 2944 rn
273 2883 446 2963 conspeetu
464 2884 540 2946 erat
580 2880 752 2945 Tumultus
770 2878 875 2964 magis
894 2902 991 2964 quam
1013 2902 1106 2963 proe-

92 2969 179 3032 lium
199 2967 270 3033 fuit.
320 2966 370 3032 De
371 2968 495 3033 tturbai
468 2971 557 3033 tex
570 2968 740 3070 collibus,
757 2989 837 3051 quos
859 2973 1117 3068 occupaverant,

92 3055 228 3121 barbari
250 3056 465 3141 profugerunt
487 3057 685 3158 proximique
709 3055 770 3121 vici
794 3056 834 3121 ab
853 3056 968 3122 incolis
987 3043 1117 3122 deserti

93 3146 277 3246 capiuntur.
329 3143 489 3210 Interiora
519 3145 662 3230 regionis
696 3145 763 3210 eius
794 3145 880 3210 haud
913 3166 990 3210 sane
1023 3145 1105 3209 adiri
1125 3165 1158 3213 ιι

94 3233 167 3298 sine
189 3252 308 3317 magne
330 3234 500 3298 vexatione
523 3233 680 3298 exereitus
706 3236 867 3336 poterant
911 3232 994 3318 Iuga
1015 3255 1104 3297 mon·

93 3313 180 3386 tium
212 3322 377 3405 praealtae
405 3322 506 3386 silvae
537 3342 695 3406 rupesque
727 3321 832 3387 inviae
865 3322 1027 3404 saepiunt.
1059 3342 1106 3405 ea,

94 3431 180 3494 quae
201 3410 301 3493 plana
323 3412 410 3494 sunt,
437 3431 520 3474 novo
548 3410 742 3474 munimenti
765 3431 881 3494 genere
904 3410 1106 3492 inpedierant

93 3497 236 3563 barbari.
280 3459 422 3562 Arbores
450 3497 567 3563 densae
595 3503 671 3564 sunt
696 3499 734 3562 de
762 3498 921 3563 industria
947 3498 1105 3562 consitae.
1125 3517 1158 3566 ιι
1283 3505 1284 3572 3

95 3607 232 3672 quarum
255 3590 384 3651 teneros
408 3585 512 3650 adhuc
533 3608 641 3651 ramos
665 3607 761 3651 manu
785 3586 931 3667 flectunt,
955 3606 1036 3669 quos
1059 3586 1105 3649 in·
1283 3573 1284 3598 ¹
