2552 4108
209 243 250 308 38
579 241 610 308 Q.
630 241 740 296 CUBTI
757 239 843 296 RUFI

207 391 339 455 ventum
361 409 428 452 non
445 388 558 468 latere,
581 386 636 451 red
657 390 744 451 recta
765 386 872 451 fronte
896 385 1023 450 direxit:
1047 407 1089 450 ea
1111 391 1229 452 cetera

208 498 305 562 opera
336 478 425 542 velut
456 475 514 538 sub
536 475 617 558 ipsa
647 474 781 539 latentia
811 475 976 539 tuebatur:
1011 475 1229 539 latitudinem

208 587 333 651 quoque
363 564 473 648 aggeri
503 563 631 646 adiecit,
662 566 700 626 ut
726 566 831 627 turres
860 563 896 626 in
925 563 1030 627 medio
1057 564 1228 628 excitatae

173 655 320 740 eprocul
344 652 401 715 teli
422 652 508 715 iactu
531 651 689 715 abessent
732 651 832 716 Totas
856 654 964 715 autem
987 651 1120 716 arbores
1147 674 1228 716 cum

207 740 394 826 ingentibus
431 739 528 802 remis
564 739 600 802 in
635 738 737 802 altum
772 739 946 822 iaciebant,
981 739 1096 803 deinde
1133 743 1227 804 saxis

209 828 388 894 onerabant
413 847 585 909 rursusque
613 828 740 891 cumulo
769 849 879 892 eorum
909 827 988 892 elias
1012 828 1150 892 arbores
1174 830 1228 892 in·

207 917 359 1000 iciebant,
391 918 462 979 tum
491 915 608 979 humus
640 915 870 1000 aggerebatur:
908 937 1003 1000 super
1034 937 1119 999 quae
1158 917 1227 980 alia

208 1009 295 1070 strue
331 1025 479 1068 saxorum
515 1003 727 1087 arborumque
761 1004 925 1068 cumulata
954 1003 1043 1067 velut
1075 1005 1226 1088 quodam

206 1115 291 1157 nexu
318 1091 486 1157 continens
512 1114 593 1176 opus
616 1092 794 1156 iunxerant.
842 1089 911 1156 Nec
933 1091 1036 1175 Tyrii,
1059 1091 1226 1176 quidquid

207 1181 248 1245 ad
279 1180 503 1264 inpediendam
538 1181 656 1244 molem
690 1180 865 1264 excogitari
895 1182 1036 1264 poterat,
1073 1182 1226 1265 segniter

157 1292 189 1340 10
208 1269 452 1352 exequebantur.
496 1267 706 1352 Praecipuum
733 1268 886 1332 auxilium
909 1271 992 1349 erat,
1024 1268 1081 1351 qui
1104 1271 1226 1352 procul

206 1357 348 1423 hostiurn
377 1358 551 1441 conspectu
581 1357 733 1420 subibant
761 1377 877 1439 aquam
905 1356 1095 1439 occultoque
1124 1358 1225 1441 lapsu

81 1519 84 1524 ¹
208 1446 248 1510 ad
268 1447 386 1512 molem
403 1466 504 1530 usquc
522 1445 743 1528 penetrabant,
765 1444 901 1509 falcibus
919 1445 1043 1528 palmas
1063 1445 1225 1522 arborum

207 1535 416 1600 eminentium
443 1533 483 1597 ad
512 1553 545 1596 se
571 1533 751 1615 trahentes,
781 1554 862 1616 quae
884 1533 940 1596 ubi
963 1535 1091 1596 secutae
1118 1539 1224 1615 erant,

205 1624 357 1708 pleraque
390 1643 496 1686 secum
527 1620 561 1684 in
593 1621 787 1704 profundum
820 1621 954 1684 dabant:
991 1624 1062 1684 tum
1089 1621 1222 1686 levatos

207 1733 303 1777 onere
331 1711 455 1794 stipites
482 1712 675 1792 truncosque
704 1709 855 1773 arborum
876 1708 963 1773 haud
986 1729 1081 1794 aegre
1104 1711 1222 1774 molie-

206 1800 338 1864 bantur:
376 1797 489 1862 deinde
524 1800 630 1862 totum
662 1819 756 1880 opus,
795 1797 880 1880 quod
912 1797 1076 1880 stipitibus
1107 1797 1223 1861 fuerat

206 1889 365 1970 innixum,
387 1887 596 1951 fundamento
619 1886 709 1968 lapso
733 1885 933 1968 sequebatur.

157 1997 187 2045 11
295 1976 402 2059 Aegro
426 1975 525 2039 animi
547 1973 728 2038 Alexandro
750 1994 824 2053 nec,
853 1975 1072 2055 perseveraret
1094 1993 1141 2036 an
1167 1974 1222 2037 ab·

206 2063 280 2144 iret,
304 2064 383 2125 satis
406 2066 492 2126 certo
522 2063 633 2126 classis
657 2058 764 2144 Cypro
787 2060 916 2124 advenit
938 2060 1111 2142 eodemque
1137 2064 1222 2124 tem-

206 2169 283 2233 pore
307 2146 462 2213 Cleander
489 2170 561 2213 eum
584 2148 711 2212 Graecis
740 2149 895 2213 militibus
918 2149 952 2212 in
975 2146 1088 2212 Asiam
1111 2169 1222 2232 nuper

208 2236 358 2301 advectis.
411 2253 432 2301 c
463 2239 496 2300 et
526 2253 571 2300 xc
606 2237 737 2320 navigia
772 2237 807 2300 in
838 2236 901 2301 duo
934 2236 1047 2300 dividit
1077 2257 1221 2301 cornua:

206 2327 333 2389 laevum
356 2323 573 2408 Pnytagoras,
595 2346 651 2388 rex
673 2322 872 2408 Cypriorum,
895 2346 967 2389 eum
991 2322 1123 2388 Cratero
1149 2328 1219 2388 tue-

207 2413 311 2496 batur,
333 2412 552 2477 Alexandrum
574 2413 609 2476 in
627 2413 737 2478 dextro
757 2413 993 2498 quinqueremis
1012 2413 1102 2496 regia
1119 2413 1220 2476 vehe-

157 2526 189 2574 12
207 2503 273 2566 bat.
320 2499 389 2565 Nec
417 2501 519 2585 Tyrii,
552 2523 743 2585 quamquam
772 2503 907 2565 classem
936 2499 1112 2582 hebebant,
1146 2502 1220 2564 ausi

207 2591 322 2655 navale
344 2590 424 2653 inire
448 2592 626 2654 certamen:
658 2589 717 2653 tris
740 2590 872 2653 omnino
896 2592 971 2652 ante
993 2588 1066 2670 ipsa
1087 2589 1219 2652 moenia

208 2681 440 2763 opposuerunt,
463 2678 578 2763 quibus
600 2699 657 2754 rex
677 2678 823 2741 invectus
846 2679 909 2742 ictu
930 2677 1001 2760 ipso
1025 2676 1189 2740 demersit

156 2791 188 2840 13
295 2764 429 2830 Postera
462 2765 513 2830 dic
547 2768 648 2831 classe
679 2765 720 2829 ad
752 2766 879 2830 moenia
911 2764 1041 2829 admota
1071 2764 1218 2854 undique
1229 2763 1258 2826 ll

207 2855 377 2919 tormentis
401 2859 433 2919 et
452 2855 590 2919 maxime
610 2855 744 2918 arietum
757 2854 852 2937 pulsu
866 2874 974 2917 muros
989 2851 1108 2936 quatit:
1133 2873 1215 2935 quos

207 2942 297 3027 Tyrii
327 2944 446 3026 raptim
477 2943 651 3008 obstructis
683 2941 768 3006 saxis
799 2941 993 3022 refecerunt,
1026 2939 1216 3003 interiorem

208 3051 333 3114 quoque
356 3053 496 3115 murum,
518 3035 567 3114 ut,
590 3032 618 3096 si
639 3030 728 3114 prior
749 3028 928 3113 fefellisset,
951 3029 1006 3092 illo
1030 3049 1063 3091 se
1086 3031 1215 3091 tueren-

156 3144 189 3193 14
206 3122 272 3201 tur,
303 3119 443 3203 undique
476 3120 548 3184 orsi.
599 3117 660 3184 Sed
687 3117 826 3202 undique
853 3117 902 3181 vis
932 3116 1010 3180 mali
1037 3115 1214 3200 urguebat:

207 3208 307 3271 moles
334 3209 420 3272 intra
447 3208 503 3271 teli
530 3209 650 3272 iactum
678 3210 761 3289 erat,
793 3205 904 3270 classis
931 3204 1060 3269 moenia
1081 3204 1214 3267 eircum-

205 3295 288 3360 ibat:
301 3296 444 3360 terrestri
458 3296 552 3360 simul
563 3295 731 3380 navalique
744 3295 833 3359 clade
842 3294 1068 3359 obruebantur.
1088 3291 1214 3374 Quippe

206 3384 299 3448 binas
327 3385 542 3467 quadriremes
569 3383 761 3448 Macedones
787 3383 873 3447 inter
900 3403 934 3446 se
961 3382 1008 3445 ita
1034 3381 1213 3461 iunxerant,

206 3476 243 3536 ut
265 3494 379 3556 prorae
402 3473 616 3555 cohaererent,
638 3493 762 3554 puppes
784 3470 964 3553 intervallo,
987 3473 1141 3552 quantum
1162 3489 1212 3531 ca-

156 3583 280 3646 repere
312 3565 476 3646 poterant,
512 3561 682 3624 distarent:
718 3560 780 3624 hoc
815 3558 971 3642 puppium
1007 3555 1213 3620 intervallum

206 3651 366 3716 antemnis
394 3650 616 3732 asseribusque
648 3647 761 3712 validis
791 3647 939 3731 deligatis
970 3664 1126 3728 superque
1156 3664 1211 3707 cos
