2582 4098
516 834 565 935 Q.
595 835 785 920 OURTI
810 835 960 920 RUFI

606 989 859 1045 HISTORIARUM

307 1133 838 1232 ALEXANDRI
881 1132 1178 1232 MAGNI

569 1302 894 1372 1111111111

653 1479 763 1534 LIBER
780 1478 814 1536 V.

672 1619 749 1688 Cur.
771 1621 797 1688 Ι.

201 1843 214 1891 1
322 1815 409 1893 Quae
435 1816 563 1880 interim
587 1817 683 1882 ductu
709 1817 905 1901 imperioque
931 1815 1107 1880 Alexandri
1132 1817 1188 1882 uel
1208 1816 1255 1882 inl

234 1904 364 1970 Graecis
396 1905 446 1971 vel
476 1905 593 1990 Illyriis
626 1929 663 1971 ac
694 1904 831 1970 Thracia
863 1908 955 1989 gesta
986 1908 1074 1987 sunt,
1111 1905 1144 1969 si
1178 1906 1235 1970 suis

200 2015 377 2078 oquaeque
403 1995 601 2078 temporibus
627 1993 757 2058 reddere
782 1992 928 2077 voluero,
958 1993 1235 2077 interrumpendae

235 2084 310 2145 sunt
341 2102 391 2145 rea
423 2081 537 2166 Asiae,
573 2104 651 2166 quas
684 2082 793 2165 utique
826 2081 866 2145 ad
896 2081 1007 2166 fugam
1038 2085 1235 2166 mortemque

233 2168 331 2233 Darei
357 2168 521 2233 universas
542 2170 578 2232 in
600 2179 806 2252 conspectum
828 2168 898 2234 dari
920 2173 968 2253 11,
991 2169 1073 2234 sicut
1095 2169 1187 2234 inter
1209 2189 1234 2233 se

234 2257 417 2340 cohaerent,
443 2257 489 2320 ita
516 2278 611 2340 opere
636 2259 707 2340 ipso
731 2258 881 2343 coniungi
902 2257 989 2323 haud
1010 2257 1106 2340 paulo
1132 2259 1234 2342 aptius

234 2345 334 2410 videri
360 2348 475 2429 potest.
519 2344 635 2430 Igitur,
663 2367 743 2430 quae
764 2347 886 2430 proelio
910 2346 994 2430 apud
1017 2343 1142 2410 Arbela
1166 2367 1234 2412 cou-
1272 2375 1273 2384 ³

232 2434 343 2499 iuncta
365 2436 453 2518 sunt,
476 2433 583 2498 ordiar
604 2434 716 2498 dicere.

198 2544 214 2594 s
321 2522 445 2587 Dareus
472 2521 577 2586 media
601 2522 668 2586 iere
694 2525 787 2587 nocte
810 2521 931 2586 Arbela
952 2525 1159 2606 pervenerat,
1190 2543 1234 2586 co

233 2613 367 2695 demque
402 2631 540 2696 magnae
575 2611 677 2694 partis
713 2611 888 2675 amicorum
924 2610 991 2674 eius
1027 2631 1065 2674 ac
1096 2610 1234 2674 militum
1272 2693 1273 2696 Ἴ

199 2701 344 2784 rfugam
365 2699 495 2764 fortuna
517 2699 712 2783 conpulerat.
748 2698 870 2774 Quibus
893 2698 1075 2762 convocatis
1097 2699 1235 2782 exponit

233 2787 319 2851 haud
345 2787 563 2872 dubitarem,
594 2789 671 2870 quin
691 2786 873 2851 Alexander
896 2786 1118 2850 celeberrimas
1140 2787 1234 2852 urbes
1272 2835 1273 2848 ,

234 2895 392 2960 agrosque
411 2877 499 2940 omni
517 2875 610 2960 copia
626 2896 733 2940 rerum
752 2875 950 2939 abundantes
963 2873 1123 2956 petiturus
1136 2879 1233 2940 esset:

237 2963 391 3046 praedam
421 2964 562 3046 opimam
592 2967 801 3047 paratamque
830 2963 936 3047 ipsum
963 2966 996 3026 11
1021 2962 1139 3026 milites
1171 2964 1234 3028 eius

199 3073 214 3122 5
234 3054 386 3135 spectare.
421 3049 459 3115 Id
477 3053 544 3116 suis
562 3052 657 3116 rebus
675 3052 735 3116 tali
751 3052 786 3115 in
805 3053 891 3115 statu
910 3051 1006 3115 saluti
1023 3049 1100 3136 fore,
1119 3051 1233 3135 quippe

234 3160 267 3202 se
303 3139 429 3203 deserta
465 3160 538 3204 01111
568 3139 716 3223 expedita
747 3161 844 3204 manu
874 3139 1058 3222 petiturum.
1111 3137 1233 3204 Ultima

232 3228 324 3312 regni
353 3227 403 3291 sui
430 3227 533 3291 adhuc
564 3229 686 3293 intacta
713 3248 796 3311 esse,
826 3227 900 3292 inde
926 3227 1012 3291 bello
1039 3227 1122 3293 vires
1148 3226 1232 3292 haud

198 3336 328 3400 eaegre
349 3318 579 3398 reparaturum.
616 3314 794 3399 Occuparet
816 3336 892 3380 sane
916 3335 1028 3399 gazam
1049 3315 1232 3380 avidissima

232 3425 312 3488 gens
341 3407 374 3468 et
400 3425 439 3467 ex
464 3404 565 3488 longa
586 3402 671 3468 fame
695 3404 826 3468 satiaret
848 3425 882 3468 11
906 3425 998 3487 auro,
1029 3425 1105 3467 mox
1126 3403 1231 3468 futura

231 3491 369 3576 praedae
405 3492 481 3556 sibi:
521 3513 582 3555 usu
618 3491 766 3556 didicisse
798 3492 974 3574 pretiosam
1006 3491 1231 3574 supellectilem

236 3581 415 3666 pelicesque
451 3583 484 3644 11
520 3579 698 3664 spadonum
733 3580 863 3664 agmina
896 3579 978 3643 nihil
1010 3578 1097 3644 aliud
1126 3579 1231 3656 fuisse,
