2582 4098
275 197 530 254 HISTORIARUM
547 198 762 254 ALEXANDBI
779 198 826 268 IV,
846 206 887 254 16.
1040 197 1080 262 79

9 343 43 407 ἱ3
164 341 313 409 Cecidere
343 341 527 420 Persarum,
569 364 704 427 quorum
742 365 909 407 numerum
946 344 1133 412 victoresne

58 430 167 495 finire
195 433 383 514 potuerunt,
414 430 504 495 milia
525 447 585 513 xn,
616 430 828 496 Macedonum
855 432 961 496 minus
985 454 1081 516 quam

60 537 136 585 ccc
176 519 346 583 desiderati
383 521 466 583 sunt
524 516 673 583 Ceterum
708 518 792 583 hanc
826 519 993 585 victoriam
1026 542 1082 584 rex
1100 538 1133 589 2⁷

59 608 197 671 maiore
228 628 266 671 ex
295 609 386 690 parte
414 606 539 690 virtuti,
570 629 667 691 quam
689 608 836 692 foptunae
860 629 936 672 suae
958 608 1081 672 debuit:
1100 627 1133 678 ae

63 695 213 777 [anim0,
244 717 323 779 non,
354 697 392 758 ut
422 697 530 777 antea,
560 695 631 759 loco
663 695 762 776 vicit}
806 693 893 760 Nam
921 698 954 760 et
981 697 1081 760 aciem

60 783 269 868 peritissime
291 783 444 847 instruxit
466 786 500 846 et
520 783 757 866 promptissime
783 783 853 866 ipse
874 785 1030 869 pugnavit
1050 787 1082 847 et

62 891 196 956 magno
225 871 359 936 consilio
382 871 538 934 iacturum
562 871 758 935 sarcinarum
780 871 1079 955 inpedimentorum·

66 981 138 1044 que
162 958 371 1042 contempsit,
393 979 466 1022 cum
488 959 524 1023 in
546 958 616 1042 ipsa
638 959 705 1022 acie
729 981 871 1024 summae
893 961 939 1024 rei
961 960 1082 1024 videret

66 1068 146 1111 esse
179 1046 362 1129 discrimen,
394 1044 554 1130 dubioque
586 1046 688 1111 adhuc
718 1067 845 1132 pugnae
878 1052 993 1113 eventu
1022 1069 1080 1133 pro

65 1135 197 1199 victore
226 1154 259 1199 se
283 1135 394 1219 gessit:
426 1135 588 1216 perculsos
612 1134 725 1198 deinde
746 1134 887 1199 hostium
910 1136 1006 1220 fudit,
1032 1137 1081 1200 fu·
1101 1157 1133 1206 ac

68 1224 215 1307 gientes,
248 1221 332 1306 quod
363 1222 399 1285 in
428 1223 484 1286 illo
513 1222 625 1286 ardore
652 1222 751 1286 animi
777 1223 830 1286 vix
857 1223 941 1288 credi
966 1228 1082 1308 potest,

67 1310 264 1394 prudentius
286 1332 383 1394 quam
406 1309 528 1374 aridius
547 1313 732 1394 persecutus
750 1314 807 1375 est.
842 1308 926 1375 Nam
945 1311 974 1375 si
991 1317 1082 1396 parte
1100 1331 1133 1380 30

69 1399 234 1462 exercitus
260 1397 363 1462 adhuc
384 1398 420 1460 in
441 1399 509 1463 acie
532 1400 638 1462 stante
660 1399 781 1462 instare
804 1398 989 1463 cedentibus
1011 1422 1081 1484 per·

70 1488 268 1569 emersisset,
300 1489 356 1549 aut
382 1486 476 1569 culpa
502 1507 560 1550 sua
582 1485 684 1551 victus
707 1489 792 1551 esset
814 1490 871 1551 aut
893 1487 998 1550 aliene
1019 1488 1081 1551 vir·

69 1577 148 1638 tute
175 1574 313 1638 vicisset,
350 1573 421 1638 Iam
444 1574 472 1638 si
494 1573 729 1638 multitudinem
752 1574 894 1658 equitum
917 1596 1082 1640 occurren-

70 1663 161 1726 tium
197 1661 408 1745 extimuisset,
442 1661 557 1726 victori
592 1665 649 1725 aut
682 1662 774 1747 foede
808 1661 994 1748 fugiendum
1026 1666 1083 1726 aut

72 1749 303 1814 miserabiliter
320 1748 495 1815 cadendum
508 1749 578 1814 fuit.
603 1747 654 1813 Ne
667 1750 764 1815 duces
777 1751 905 1835 quidem
919 1751 1081 1834 copiarum
1100 1769 1131 1818 31

74 1859 138 1902 sua
158 1837 251 1901 laude
273 1837 442 1901 fraudandi
464 1839 553 1900 sunt:
586 1838 702 1921 quippe
725 1839 870 1922 vulnera,
893 1860 974 1923 quae
997 1838 1082 1923 quis-

76 1946 143 2010 que
166 1928 300 2008 excepit,
323 1924 441 1989 indicia
462 1924 590 1988 virtutis
613 1929 697 1990 sunt.
737 1924 986 2010 Hephaestionis
1009 1927 1081 1990 bra·
1099 1946 1132 1994 32

75 2012 187 2078 chium
209 2013 303 2077 hasta
324 2013 424 2078 ictum
446 2016 504 2096 est,
526 2010 677 2077 Perdicca
695 2017 727 2077 et
745 2011 869 2080 Coenos
888 2018 920 2078 et
936 2013 1082 2079 Menidas

77 2100 207 2185 sagittis
233 2122 334 2185 prope
360 2101 466 2166 occisi.
509 2099 563 2183 Et,
587 2100 614 2164 si
640 2123 714 2166 vere
741 2103 910 2167 aestimare
936 2101 1081 2168 Macedo·
1101 2123 1133 2172 33

76 2211 153 2271 nas,
176 2189 230 2272 qui
251 2192 329 2252 tunc
353 2192 457 2267 erant,
479 2189 635 2272 volumus,
656 2190 828 2255 fatebimur
851 2194 883 2255 et
904 2212 1011 2276 regem
1033 2195 1081 2255 ta·

75 2277 164 2342 libus
187 2276 341 2342 ministris
364 2280 398 2342 et
418 2277 491 2342 illos
513 2279 604 2341 tanto
626 2298 701 2364 rege
723 2278 823 2346 fuisse
845 2279 1060 2366 dignissimos
