2582 4098
217 176 259 240 58
590 176 621 241 Q.
642 175 752 231 OURTI
767 175 854 231 aum

216 324 404 404 percensent
424 319 563 385 Persidis
584 341 705 406 regum,
729 341 808 405 quos
833 317 973 385 adversis
995 319 1043 383 dis
1060 340 1224 404 pugnasse

183 408 312 478 tlunae
346 408 538 475 ostendisset
569 408 712 472 defectio.
764 406 862 472 Nulla
896 428 947 471 res
984 408 1225 472 multitudinem

218 497 375 562 efficacius
411 495 496 579 regit
529 517 626 579 quam
657 496 854 580 superstitio:
891 495 1033 578 alioquin
1063 496 1226 579 inpotens,

216 607 325 668 saeva,
348 584 525 668 mutabilis,
547 584 604 648 ubi
624 605 710 648 vana
735 584 888 668 religione
915 586 1010 666 capta
1027 587 1086 666 est,
1110 584 1226 648 melius

215 673 351 755 uatibus,
374 693 470 756 quam
484 671 616 736 ducibus
632 673 697 736 suis
711 677 809 756 paret
839 670 944 757 Igitur
959 670 1045 735 edita
1058 671 1093 734 in
1107 672 1226 756 vulgus

215 760 449 845 Aegyptiorum
482 780 636 843 responsa
671 781 780 824 rursus
817 760 857 824 ad
889 779 978 842 spem
1009 763 1042 823 et
1072 758 1226 824 fiduciam

181 869 343 918 serexere
375 850 549 931 torpentes.
601 847 671 912 Rex
703 849 826 932 impetu
857 849 1036 912 animorum
1068 848 1271 913 utendarum

215 939 305 1000 ratus
329 936 467 1001 secunda
487 936 598 1021 uigilia
620 939 725 1001 castra
746 935 864 1000 movit:
888 935 999 999 dextra
1020 934 1148 1020 Tigrim
1171 935 1228 1000 ha·

181 1023 325 1108 abebat,
358 1025 489 1089 alaeve
511 1028 648 1108 montes,
672 1045 752 1109 qnos
776 1023 961 1107 Gordyaeos
983 1026 1107 1089 vocant
1155 1023 1229 1089 Hoc

216 1112 369 1196 ingressis
396 1113 457 1176 iter
484 1113 712 1197 speculatores,
748 1112 803 1196 qui
830 1111 997 1196 praemissi
1026 1114 1135 1195 erant,
1167 1113 1229 1176 sub

215 1199 295 1264 lucis
319 1204 424 1264 ortum
441 1198 581 1265 Dareum
600 1201 770 1265 adventare
787 1199 1024 1264 nuntiaverunt.
1059 1198 1228 1264 Instructo

165 1309 198 1357 10
216 1287 316 1372 igitur
346 1288 447 1353 milite
479 1292 511 1353 et
541 1289 708 1373 conposito
740 1288 867 1373 agmine
897 1286 1111 1352 antecedebat
1165 1286 1228 1352 Sed

215 1374 384 1441 Persarum
410 1378 587 1441 moratores
614 1379 719 1460 erant,
750 1376 837 1440 mille
863 1374 975 1458 ferme,
1007 1375 1062 1459 qui
1084 1377 1229 1458 speciem

216 1465 327 1549 magni
345 1465 484 1550 agminis
501 1464 658 1529 fecerant:
677 1465 792 1548 quippe
811 1463 867 1528 ubi
885 1462 1046 1546 explorari
1063 1483 1144 1528 vera
1161 1486 1228 1530 non

166 1573 196 1621 11
216 1556 363 1637 possunt,
387 1552 470 1616 falsa
491 1573 548 1635 per
570 1554 690 1616 metum
713 1555 878 1637 augentur.
922 1549 983 1616 His
1006 1551 1148 1636 cognitis
1172 1574 1228 1617 rex

216 1663 288 1706 cum
313 1641 424 1725 paucis
447 1661 577 1704 suorum
600 1639 769 1705 adsecutus
793 1661 910 1725 agmen
930 1639 1165 1725 refugientium
1188 1641 1228 1704 ad

217 1751 291 1794 suos
324 1729 403 1793 alios
436 1727 562 1813 cecidit,
593 1728 678 1812 cepit
710 1728 801 1793 alios:
841 1723 1025 1812 equitesque
1057 1729 1228 1810 praemisit

218 1818 428 1901 speculatum,
452 1817 547 1881 simul
569 1820 606 1881 ut
627 1816 745 1901 ignem,
768 1837 831 1900 quo
853 1816 982 1880 barbari
1004 1821 1228 1881 cremaverant

165 1907 319 2005 lauicos,
349 1906 578 2007 extinguerent,
604 1992 611 2006 ·
633 1904 757 2006 Quippe
787 1903 947 1988 fugientes
977 1903 1097 1986 raptim
1127 1906 1227 2006 tectis
1276 1977 1277 2051 ,

217 1992 1227 2164 ἓξξξξὲξξξξξξὲξξξξξὲξξξ·ἓξξξξξξίἓξὲξὲἓξιξξ

165 2188 197 2236 13
216 2166 370 2231 Extincto
392 2167 492 2251 igitur
513 2168 588 2252 igne
610 2169 782 2252 plurimum
804 2168 957 2232 frumenti
977 2170 1139 2251 repertum
1161 2173 1226 2233 est:
1275 2175 1276 2217 i

216 2255 309 2339 copia
331 2255 465 2318 aliarum
488 2276 611 2339 quoque
634 2277 740 2319 rerum
763 2255 924 2320 abundare
947 2259 1129 2339 coeperunt.
1175 2256 1226 2320 Ea

216 2364 266 2406 res
295 2343 366 2427 ipsa
392 2342 487 2406 militi
514 2344 555 2408 ad
581 2344 833 2429 persequendum
858 2344 984 2408 hostem
1008 2343 1152 2407 animum
1177 2345 1225 2408 in-
1274 2343 1275 2383 l

217 2432 335 2496 cendit:
372 2431 489 2516 quippe
521 2434 633 2496 urente
662 2435 694 2496 et
719 2433 893 2516 populante
919 2453 956 2496 eo
983 2435 1104 2496 terram
1132 2431 1224 2497 festi-

165 2521 357 2588 renaudum
380 2525 460 2605 erat,
492 2542 532 2584 ne
555 2521 701 2585 incendio
725 2524 839 2585 cuncta
860 2520 1064 2604 praeciperet.
1108 2519 1149 2584 In
1173 2542 1224 2585 ra·
1273 2503 1274 2551 l

214 2610 336 2675 tionem
372 2630 448 2695 ergo
478 2609 653 2674 necessitas
684 2630 778 2674 versa
809 2612 873 2674 est:
915 2609 1032 2693 quippe
1062 2606 1225 2691 Mazaeus,
1272 2665 1273 2717 ,

215 2698 272 2781 qui
295 2701 389 2762 antea
410 2719 467 2781 per
489 2698 590 2762 otium
612 2698 699 2762 vicos
721 2697 913 2779 incenderat,
936 2696 1001 2760 iam
1018 2696 1129 2781 fugere
1147 2718 1224 2761 con·

165 2807 196 2854 15
215 2788 323 2848 tentus
359 2786 510 2870 pleraque
545 2786 701 2850 inviolata
734 2785 821 2850 hosti
851 2785 988 2869 reliquit
1040 2783 1226 2850 Alexander
1271 2831 1272 2883 ,

215 2872 300 2937 haud
321 2873 451 2957 longius
475 2891 517 2938 cn
541 2874 651 2938 stadiis
675 2872 815 2938 Dareum
838 2895 858 2938 a
880 2895 913 2937 se
937 2873 1048 2937 abesse
1070 2893 1224 2956 conpere-

215 2963 274 3025 rat.
318 2958 430 3044 Itaque
454 2961 493 3024 ad
517 2962 697 3025 satietatem
719 2982 845 3045 quoque
872 2961 964 3044 copia
985 2965 1223 3026 commeatuum

214 3049 391 3113 instructus
413 3049 589 3132 quadriduo
611 3050 647 3113 in
669 3049 779 3114 eodem
802 3051 872 3114 loco
897 3049 1051 3114 substitit.

164 3157 195 3206 16
301 3136 501 3219 Interceptae
538 3136 650 3201 deinde
684 3136 782 3201 Darei
816 3137 942 3201 litterae
978 3139 1067 3215 sunt,
1104 3137 1221 3221 quibus

215 3223 328 3289 Graeci
350 3225 468 3288 milites
492 3225 759 3308 sollicitabantur,
789 3228 826 3289 ut
851 3245 960 3310 regem
987 3228 1043 3288 aut
1064 3225 1221 3290 interfice-

214 3317 287 3377 rent
310 3316 365 3376 aut
386 3313 569 3396 proderent,
591 3313 824 3398 dubitavitque,
847 3334 889 3376 an
911 3334 965 3377 eas
987 3333 1046 3397 pro
1070 3313 1220 3378 contione

214 3401 378 3484 recitaret,
414 3400 492 3465 salis
525 3400 664 3465 confisus
696 3400 889 3466 Graecorum
921 3422 1045 3485 quoque
1078 3422 1156 3486 erga
1185 3421 1219 3464 se

162 3510 194 3559 ιι
213 3489 445 3555 benivolentiae
473 3510 510 3554 ao
539 3489 620 3554 fidei.
671 3487 732 3554 Sed
759 3488 928 3554 Parmenio
961 3489 1126 3574 deterruit,
1158 3509 1219 3552 acc

213 3599 282 3643 esse
308 3577 427 3642 talibus
454 3577 621 3661 promissis
647 3577 825 3641 inbuendas
851 3599 942 3641 aures
964 3577 1104 3641 militum
1127 3577 1213 3640 adfir
