2552 4108
207 215 252 278 40
580 211 613 277 Q
632 213 742 267 CUBTI
758 213 845 266 sm

208 359 405 441 dicaverant,
435 359 597 421 inseruere
623 358 799 440 vinculum,
830 359 922 442 quasi
947 359 1003 422 illo
1030 359 1090 423 deo
1112 358 1226 442 Apol-

207 449 306 512 linem
330 449 504 512 retenturo.
548 444 716 528 Syracusis
739 446 772 509 id
794 447 999 510 simulacrum
1021 447 1224 511 devexeram

206 537 309 602 Poeni
335 539 368 600 et
394 536 430 598 in
456 534 576 598 maiore
602 535 788 598 locaverant
813 535 918 618 patria
939 535 1114 620 multisque
1141 537 1219 600 aliis

208 626 320 709 spoliis
348 624 478 687 urbium
509 644 529 685 a
560 627 661 685 semet
691 627 857 705 captarum
887 645 956 687 non
983 621 1219 708 Carthaginem

154 735 189 783 sa
208 714 312 796 magis
334 710 564 794 quam'lyrum
586 716 787 774 ornaverant
822 709 955 776 Sacrum
968 734 1105 797 quoque,
1127 722 1219 796 quod

208 801 355 884 equidem
377 799 427 862 dis
448 800 580 862 minime
603 799 691 862 cordi
713 821 782 864 esse
799 800 995 884 crediderim,
1016 802 1127 864 multis
1146 823 1218 866 sae·

208 889 287 952 culis
322 887 541 951 intermissum
575 888 741 969 repetendi
775 893 920 952 auctores
952 889 1082 972 quidam
1113 893 1218 972 erant,

207 979 244 1039 ut
274 976 434 1059 ingenuus
460 997 541 1059 puer
570 973 709 1040 Saturno
740 976 973 1040 immolaretur:
1004 977 1091 1060 quod
1119 978 1218 1041 saeri-

207 1064 329 1147 legium
354 1064 460 1128 verius
487 1086 583 1148 quarn
610 1087 735 1128 sacrum
758 1062 1039 1149 Carthaginienses
1063 1087 1083 1129 a
1106 1065 1219 1130 condi·

207 1152 332 1216 toribus
354 1153 508 1216 traditum
528 1175 630 1236 usque
653 1153 694 1216 ad
716 1152 873 1216 excidium
894 1153 983 1217 urbis
1005 1175 1082 1216 suae
1099 1153 1218 1218 fecisse

208 1240 365 1304 dicuntur.
408 1239 459 1305 Ac
485 1241 549 1306 nisi
576 1241 717 1305 seniores
739 1241 952 1324 obstitissent,
981 1262 1119 1325 quorum
1142 1264 1218 1306 cun-

208 1328 280 1393 silio
310 1332 426 1393 cuncta
453 1330 645 1414 agebantur,
674 1329 909 1393 humanitatem
936 1329 1005 1393 dira
1026 1331 1217 1412 superstitio

155 1435 191 1485 24
207 1417 345 1482 vicisset
389 1415 539 1482 Ceterum
565 1418 723 1482 efficacior
748 1418 836 1482 omni
858 1421 927 1481 arte
947 1419 1124 1482 necessitas
1148 1419 1257 1484 nouit

208 1507 328 1570 usitata
348 1505 445 1570 modo
471 1505 644 1589 praesidia,
672 1505 728 1568 sed
754 1505 911 1588 quaedam
932 1507 1029 1570 etiarn
1050 1528 1140 1571 nova
1163 1507 1217 1570 ad·

207 1595 318 1660 movit
364 1592 512 1676 Namque
543 1592 585 1655 ad
610 1594 794 1676 inplicanda
818 1595 964 1678 navigia,
995 1616 1077 1678 quae
1103 1617 1218 1659 muros

208 1684 370 1766 subibant,
391 1681 506 1746 validis
529 1681 689 1746 asseribus
709 1681 904 1764 harpagonas
922 1683 1149 1767 inligaverant,
1172 1687 1218 1765 ut,

208 1794 282 1836 curn
317 1774 479 1836 tormento
516 1791 638 1834 asseres
669 1771 917 1854 promovissent,
953 1771 1060 1835 subito
1095 1771 1217 1834 laxatis

155 1877 189 1925 25
208 1859 340 1924 funibus
371 1860 537 1924 inicerent
584 1857 669 1924 Unci
700 1880 825 1942 quoque
857 1862 890 1922 et
919 1858 1017 1923 falces
1045 1881 1084 1922 ex
1110 1860 1218 1923 isdem

209 1949 368 2011 asseribus
391 1947 607 2031 dependentes
630 1950 687 2011 aut
708 1950 963 2030 propugnatores
986 1950 1043 2011 aut
1063 1947 1136 2029 ipsa
1160 1970 1217 2012 na-

207 2035 295 2117 vigia
318 2036 512 2100 lacerabant
547 2033 675 2118 Clipeos
696 2057 772 2099 vero
795 2057 904 2100 aereos
925 2035 1027 2099 multo
1049 2035 1126 2119 igne
1149 2039 1217 2100 tor-

208 2121 331 2204 rebant,
354 2143 433 2206 quos
455 2122 594 2205 repletos
616 2122 739 2186 fervida
759 2123 881 2186 harena
900 2144 1062 2206 caenoque
1080 2123 1216 2188 decocto

154 2229 225 2276 ‘roe
258 2209 357 2272 muris
389 2210 495 2273 subito
527 2210 747 2274 devolvebant
795 2209 863 2274 Nec
889 2211 956 2274 ulla
981 2212 1081 2294 pestis
1107 2213 1216 2296 magis

207 2297 393 2361 timebatur:
421 2297 552 2382 quippe,
573 2297 629 2361 ubi
650 2297 783 2362 loricam
805 2320 983 2383 corpusque
1005 2299 1132 2363 fervens
1157 2300 1215 2363 ha-

207 2407 286 2449 rena
307 2387 538 2469 penetraverat,
559 2406 619 2448 nec
641 2386 708 2449 ulla
729 2387 762 2450 vi
783 2388 888 2451 excuti
910 2390 1038 2470 poterat
1058 2391 1098 2471 et,
1122 2387 1215 2472 quid-

208 2474 284 2559 quid
310 2473 473 2558 attigerat,
503 2474 687 2557 perurebat,
717 2474 931 2558 iacientesque
954 2497 1044 2538 arma
1064 2475 1214 2539 laceratis

208 2563 367 2648 omnibus,
390 2562 460 2645 quis
482 2562 609 2646 protegi
631 2565 790 2646 poterant,
811 2563 994 2627 vulneribus
1013 2563 1108 2628 inulti
1123 2566 1214 2646 pate·

208 2651 300 2715 baut:
331 2651 418 2715 corvi
443 2671 518 2715 vero
542 2653 575 2714 et
595 2650 717 2714 ferreae
739 2673 854 2715 manus
876 2655 1038 2716 tormento
1060 2651 1212 2716 remissae

207 2739 375 2823 plerosque
397 2739 574 2822 rapiebant

630 2895 708 2963 Car.
729 2895 787 2963 IV.

175 3024 188 3070 1
295 3001 357 3067 His
379 3025 434 3068 rex
455 3002 611 3088 fatigatus
631 3006 788 3068 statuerat
805 3004 912 3068 soluta
925 3003 1091 3069 obsidione
1105 3003 1255 3088 Aegy-ll

207 3093 300 3175 ptum
330 3094 448 3175 petere.
497 3090 622 3177 Quippe
651 3113 723 3156 cum
749 3090 862 3156 Asiam
890 3092 1016 3178 ingenti
1043 3093 1213 3157 velocitate

207 3181 469 3264 percucurrisset‚
501 3180 585 3244 circa
611 3202 719 3244 muros
746 3181 841 3244 unius
868 3181 957 3245 urbis
983 3181 1138 3245 haerebat
1162 3182 1214 3244 tot

173 3288 189 3335 2
208 3269 418 3333 maximarum
436 3289 543 3333 rerum
558 3269 798 3352 opportunitate
812 3269 952 3333 dimissa.
983 3267 1132 3334 Oeterum
1144 3272 1213 3332 tam

209 3356 367 3421 discedere
390 3357 530 3440 irritum,
557 3378 652 3440 quam
675 3357 793 3422 morari
814 3357 969 3441 pudebat,
991 3357 1112 3422 famam
1135 3378 1212 3441 quo-

208 3466 282 3529 que,
312 3467 376 3529 qua
397 3445 490 3528 plura
514 3467 609 3528 quam
633 3445 730 3509 armis
752 3449 922 3530 everterat,
948 3449 1037 3510 ratus
1059 3446 1212 3510 leviorem

207 3533 284 3617 fore,
307 3533 335 3597 si
348 3533 468 3618 Tyrum
492 3533 582 3616 quasi
598 3536 722 3618 testem,
745 3555 778 3597 se
797 3555 892 3616 posse
905 3534 999 3615 vinci,
1022 3533 1211 3618 reliquisset

206 3621 311 3707 Igitur
332 3642 373 3686 ne
397 3622 473 3707 quid
494 3623 695 3706 inexpertum
717 3622 887 3706 omitteret,
909 3623 1017 3706 plures
1038 3642 1137 3687 naves
1158 3621 1212 3686 ad·
