2582 4098
286 173 538 230 HISTORJARUM
555 173 769 229 ALEXANDRI
786 175 826 243 V,
844 182 869 231 6.
1037 177 1081 241 95

61 319 131 403 qui
156 319 365 402 abscondunt,
387 338 447 382 nec
468 318 535 382 ulla
556 319 625 382 tam
647 317 813 383 familiaris
831 323 881 384 est
897 320 1080 387 infelicibus

60 408 196 491 patria,
228 429 324 492 quam
346 405 483 471 solitudo
508 409 541 469 et
562 408 664 470 status
687 406 801 488 prioris
824 408 952 474 oblivio.
995 407 1081 474 Nam

61 495 130 578 qui
154 495 291 560 multum
312 495 348 558 111
369 515 499 558 suorum
521 493 736 558 misericordia
757 499 897 580 ponunt,
919 497 1080 582 ignorant,

62 604 175 667 quam
198 583 341 647 celeriter
362 582 511 646 lacrimae
533 581 722 646 inarescant.
757 580 860 648 Nemo
880 583 1017 649 fideliter
1034 584 1078 649 di·
1099 605 1132 654 11

60 671 163 755 ligit,
191 692 285 754 quem
310 669 447 734 fastidit:
477 691 554 733 nam
581 672 614 734 et
635 669 799 735 calamitas
823 673 955 755 querula
977 675 1026 738 est
1048 676 1081 737 et

63 758 216 841 superba
237 758 383 822 felicitas.
418 757 471 821 Ita
493 779 585 822 suam
607 757 740 840 quisque
762 758 927 824 fortunam
948 759 983 824 in
1005 781 1079 825 con-

64 847 149 911 silio
172 846 282 930 habet,
305 867 377 911 cum
400 845 438 910 de
460 844 565 909 aliena
588 844 751 910 deliberat
793 844 865 912 Nisi
887 850 998 913 mutuo
1021 848 1079 912 mi·

64 933 140 999 seri
162 955 312 1019 essemus,
335 934 412 998 olim
433 933 516 997 alius
539 932 593 996 1111
612 933 827 1016 potuissemus
846 956 915 1000 esse
933 935 1080 1001 fastidio:

65 1021 153 1106 quid
184 1022 301 1086 mirum
332 1025 381 1086 est
410 1021 592 1086 fortunatos
620 1041 744 1104 semper
770 1043 880 1105 parem
907 1023 1079 1107 quaerere?

66 1107 217 1174 Obsecro
238 1131 310 1193 ros,
337 1109 414 1175 olim
435 1109 503 1173 rita
525 1107 666 1173 defuncti
688 1129 877 1191 quaeramus
899 1111 1019 1194 locum,
1044 1112 1079 1176 in
1098 1130 1130 1180 13

66 1220 141 1282 quo
163 1196 243 1262 hacc
265 1218 388 1262 semesa
406 1198 587 1261 obruamus.
622 1194 715 1260 Grati
732 1218 863 1280 prorsus
881 1198 1079 1284 coniugibus,

67 1307 157 1368 quas
179 1285 308 1350 iuvenes
331 1285 492 1368 duximus,
513 1285 720 1348 revertemur!
761 1282 868 1349 Liberi
890 1285 924 1348 in
945 1286 1024 1351 flore
1046 1290 1079 1351 et

68 1374 192 1438 aetatis
228 1377 262 1437 et
291 1395 397 1437 rerum
428 1372 627 1456 adgnoscent
656 1376 763 1455 patres
796 1373 950 1457 ergastuli
981 1373 1078 1438 detri-

67 1463 199 1525 menta!
231 1460 276 1524 Et
298 1463 398 1546 quota
418 1482 493 1543 pars
516 1459 619 1524 nostri
640 1462 692 1524 tot
714 1459 803 1525 obire
825 1463 927 1524 terras
948 1461 1077 1544 potest?
1097 1481 1129 1529 14

68 1549 193 1614 Procul
214 1547 346 1632 Europa
367 1548 403 1612 in
423 1547 538 1612 ultima
561 1546 699 1613 Orientis
721 1548 868 1633 relegati,
897 1569 1003 1632 senes,
1026 1547 1077 1612 de-

70 1637 171 1720 biles,
201 1637 321 1701 maiore
352 1635 567 1701 membrorum
595 1638 686 1718 parte
712 1635 844 1700 mulcati
869 1635 1077 1701 tolerabimus

70 1725 206 1807 sedicet,
229 1745 309 1809 quae
333 1727 473 1788 armatos
491 1727 524 1787 et
540 1723 676 1787 uictores
693 1722 881 1808 fatigarunt.
916 1721 1077 1808 Coniuges
1097 1741 1128 1790 15

71 1811 203 1895 deinde,
235 1833 313 1896 quas
345 1812 446 1895 captis
476 1809 543 1875 fors
575 1813 608 1874 et
637 1812 812 1875 necessitas
838 1811 968 1875 unicum
995 1811 1077 1876 sole-

72 1900 162 1963 oium
188 1899 353 1984 adplicuit,
384 1918 563 1983 parvosque
589 1898 707 1962 liberos
729 1897 887 1963 trahimus
908 1897 1078 1964 nobiscum

74 2008 120 2050 an
141 1986 369 2070 relinquimus?
405 1983 486 2050 Oum
507 1985 558 2049 his
580 1985 743 2050 venientes
766 2007 860 2051 nemo
884 1986 1077 2072 adgnoscere
1097 2005 1129 2054 16

73 2072 176 2139 uolet:
211 2075 426 2159 relinquemus
450 2093 526 2158 ergo
549 2075 707 2156 extemplo
728 2075 910 2157 praesentia
930 2075 1077 2158 pignora,

74 2183 149 2226 cum
170 2163 327 2227 incertum
351 2162 400 2245 sit,
423 2182 466 2224 an
486 2161 586 2225 visuri
608 2161 706 2226 simus
728 2162 793 2246 illa,
815 2183 895 2246 quae
915 2162 1076 2246 petimus?

73 2249 166 2314 Inter
187 2250 246 2314 hos
269 2249 433 2314 latendum
456 2252 513 2333 est,
536 2249 590 2332 qui
611 2270 671 2314 nos
693 2250 827 2315 miseros
848 2271 943 2315 nosse
966 2271 1077 2334 coepe

15 2340 62 2404 19
74 2335 173 2402 rant?
208 2337 297 2402 Haec
310 2336 498 2401 Euctemon.
531 2335 652 2402 Oontra
666 2336 858 2402 Theaetetus
871 2336 1076 2403 Atheniensis
1096 2355 1126 2404 11

76 2447 168 2491 orsus
191 2429 241 2490 est
262 2425 378 2490 dicere:
400 2423 569 2489 Neminem
591 2425 679 2508 pium
700 2425 813 2490 habitu
835 2426 977 2508 corporis
998 2447 1076 2490 suos

76 2512 327 2595 aestimaturum,
348 2512 458 2597 utique
481 2513 614 2577 saevitia
635 2513 747 2595 hostis,
770 2534 836 2578 non
856 2515 972 2576 natura
994 2512 1076 2577 cala·

75 2601 218 2666 mitosos.
269 2600 412 2685 Dignum
443 2621 512 2664 esse
543 2600 631 2664 omni
662 2601 761 2684 malo,
792 2600 846 2683 qui
878 2599 1077 2663 erubesceret

75 2689 223 2753 fortuito:
245 2689 370 2753 tristem
393 2688 477 2752 enim
500 2688 538 2751 de
560 2689 757 2753 mortalitate
778 2686 861 2751 ferre
884 2687 1077 2751 sententiam

77 2779 111 2840 et
138 2775 305 2860 desperare
333 2776 593 2859 misericordiam,
625 2775 700 2858 quia
725 2776 793 2858 ipse
821 2773 913 2838 alteri
940 2774 1075 2860 denega·

77 2867 166 2928 turus
193 2864 244 2929 sit
288 2863 388 2948 Deos,
415 2863 500 2948 quod
521 2864 583 2947 ipsi
605 2883 779 2946 numquam
802 2864 913 2945 optare
935 2862 1006 2926 ausi
1027 2863 1074 2927 fo·
1095 2886 1128 2935 18

78 2954 160 3034 rent,
187 2951 314 3017 offerre:
344 2952 497 3036 patriam,
524 2951 687 3034 coniuges,
714 2950 831 3014 liberos
855 2953 899 3034 et,
922 2950 1075 3035 quidquid

78 3039 220 3105 homines
242 3041 295 3104 vel
315 3041 383 3104 rita
405 3039 575 3104 aestimant
595 3039 647 3102 vel
668 3040 771 3102 morte
788 3037 956 3105 redimunt
990 3037 1075 3113 Quin
1095 3060 1127 3109 19

79 3127 125 3192 illi
145 3149 184 3192 ex
205 3127 266 3192 hoe
289 3149 412 3193 carcere
435 3125 659 3209 erumperent?
685 3125 781 3190 alium
805 3126 891 3192 domi
908 3146 978 3190 esse
996 3127 1075 3191 caeli

79 3216 235 3299 haustum,
257 3216 354 3279 alium
376 3214 456 3281 lucis
479 3217 652 3298 aspectum.
687 3212 803 3296 Mores,
825 3235 924 3298 sacra,
945 3213 1074 3298 linguae

81 3304 299 3370 commercium
326 3304 423 3368 etiam
451 3324 470 3366 a
495 3301 641 3366 barbaris
668 3302 785 3386 expeti:
822 3322 903 3386 quae
930 3302 1075 3386 ingenita

80 3389 1126 3564 111111111111111311111,

81 3571 159 3633 certe
190 3567 367 3632 rediturum
397 3567 439 3631 ad
466 3568 599 3650 penates
626 3569 659 3630 et
689 3565 725 3629 in
754 3565 893 3648 patriam
919 3567 1074 3649 tantoque
