2602 4094
206 193 273 258 248
579 191 610 258 Q.
630 190 739 248 GURTI
756 191 843 246 lauru

207 337 379 421 leonesque
400 357 493 402 rarae
512 335 744 421 magnitudinis
768 339 801 401 et
822 336 935 420 tigres,
956 338 1124 420 utrumque
1140 335 1200 398 ani·

208 425 275 490 mal
301 425 343 490 ad
369 424 646 490 mansuetudinem
673 424 844 507 domitum,
870 424 1063 490 lacertarum
1090 429 1200 508 quoque

171 527 190 576 a
208 514 389 599 ingentium
411 514 511 596 pelles
534 517 567 578 et
589 512 687 577 dorsa
703 513 911 578 testudinum
947 509 1081 577 Cratero
1100 511 1200 576 deinde

208 602 348 687 imperat
374 623 443 683 rex,
469 600 555 665 haud
583 600 696 684 procul
719 621 827 684 amne,
853 623 911 685 per
934 622 1030 685 quem
1053 603 1122 664 erat
1141 599 1201 684 ipse

207 692 436 777 navigaturus,
459 688 567 772 copias
590 688 734 753 duceret:
762 711 818 754 eos
841 692 964 772 eutem,
988 689 1044 774 qui
1066 687 1203 753 comitari

208 800 282 844 eum
309 777 470 861 solebant,
496 776 625 860 inponit
650 777 685 841 in
705 798 804 842 naves
828 780 862 841 et
883 778 918 840 in
937 777 1019 842 fines
1040 775 1203 841 Mallorum

209 865 347 933 secundo
366 887 459 930 amne
482 865 659 930 devehitur.

172 970 191 1017 4
296 953 376 1019 Inde
395 950 552 1020 Sabarcas
571 952 660 1037 adiit,
681 953 823 1018 validam
841 952 952 1018 Indiae
970 956 1111 1038 gentem,
1132 974 1204 1037 quae

209 1043 329 1128 populi,
351 1063 418 1107 non
439 1061 553 1128 regum
574 1041 712 1125 imperio
734 1042 915 1125 regebatur.
950 1058 999 1106 Lx
1019 1042 1111 1106 milia
1127 1040 1204 1126 pedi·

208 1137 278 1196 turn
297 1131 470 1216 habebant,
493 1130 637 1215 equitum
655 1152 711 1195 sex
728 1131 831 1194 milia:
853 1130 913 1194 has
931 1130 1042 1214 copias
1060 1127 1203 1195 curruse

174 1220 436 1304 esequebantur.
476 1237 516 1283 111
539 1219 633 1284 duces
661 1221 822 1301 spectatos
853 1219 973 1283 virtute
1004 1218 1123 1282 bellica
1152 1218 1204 1282 elc-

210 1311 332 1394 gerant
386 1307 432 1372 Aa
463 1308 518 1392 qui
548 1308 584 1373 in
614 1306 702 1389 agris
734 1310 827 1372 erant
852 1307 992 1390 proximi
1022 1307 1148 1370 flumini
1167 1341 1204 1352 -

209 1397 393 1483 frequentes
420 1399 529 1461 autem
555 1396 645 1461 vicos
671 1395 810 1460 maxime
832 1396 868 1459 in
888 1395 961 1479 ripa
982 1395 1147 1460 habebant
1168 1427 1201 1440 —·

209 1488 246 1551 ut
263 1485 372 1551 videre
389 1488 495 1549 totum
514 1506 650 1567 amnem,
673 1505 736 1568 qua
756 1484 897 1567 prospici
914 1485 1052 1567 poterat,
1074 1482 1204 1566 navigiis

209 1578 411 1640 constratum
432 1575 465 1637 et
481 1575 533 1636 tot
551 1572 691 1637 militum
709 1593 800 1636 arma
817 1571 983 1657 fulgentia,
1004 1572 1114 1636 territi
1129 1593 1207 1636 nova

209 1663 305 1745 facie,
336 1662 469 1725 deorum
501 1661 676 1726 exereitum
704 1663 737 1725 et
764 1659 863 1724 alium
894 1659 1047 1724 Liberum
1076 1659 1208 1741 Patrem,

210 1751 335 1816 celebre
362 1748 484 1813 inillis
508 1749 657 1833 gentibus
680 1769 811 1831 nomen,
836 1749 1009 1813 adventare
1032 1749 1209 1813 credebant

174 1839 294 1904 sHinc
316 1838 457 1903 militum
480 1837 613 1922 clamor,
635 1836 711 1901 hinc
732 1858 894 1901 remorum
911 1836 1025 1920 pulsus
1043 1836 1208 1920 variaeque

210 1931 382 1993 nautarum
405 1947 500 1990 voces
522 1925 723 1990 hortantium
741 1925 873 2008 pavidas
891 1946 984 1990 aures
1002 1925 1208 2008 inpleverant.

175 2015 300 2098 tIlrgo
326 2014 470 2079 universi
496 2012 536 2077 ad
563 2035 630 2092 eos,
662 2013 718 2097 qui
745 2013 779 2076 in
810 2014 908 2078 armis
937 2018 1045 2096 erant,
1075 2016 1209 2095 currunt,

209 2103 315 2168 furere
338 2102 555 2167 clamitantes:
578 2122 649 2166 cum
672 2101 721 2166 dis
743 2101 901 2184 proelium
916 2102 1065 2185 inituros,
1086 2101 1208 2186 navigia

209 2212 275 2255 non
293 2211 389 2274 posse
404 2190 575 2273 numerari,
594 2211 676 2274 quae
689 2189 825 2254 invictos
839 2190 926 2254 viros
940 2189 1102 2254 veherent.
1133 2189 1207 2254 Tan·

209 2283 342 2363 tumque
361 2275 395 2342 in
412 2277 586 2342 exercitum
604 2299 734 2343 suorum
751 2277 890 2342 intulere
907 2278 1052 2363 terroris,
1073 2282 1112 2342 ut
1128 2278 1207 2362 lega-

210 2372 263 2434 tos
286 2367 453 2432 mitterent
475 2369 604 2451 gentem
625 2367 798 2430 dedituros.

174 2471 192 2520 8
298 2455 359 2522 His
378 2454 521 2520 infidam
538 2455 678 2539 acceptis
697 2455 737 2519 ad
751 2454 832 2518 alias
846 2452 960 2518 deinde
973 2458 1086 2538 gentes
1101 2444 1237 2539 quertoil

211 2547 263 2612 die
285 2545 441 2631 pervenit.
476 2541 589 2607 Nihilo
606 2543 679 2626 plus
698 2542 798 2607 animi
816 2542 868 2607 his
884 2541 961 2624 fuit,
984 2564 1082 2626 quam
1101 2543 1206 2608 ceteris

209 2635 326 2700 fuerat.
370 2635 484 2718 Itaque
507 2631 626 2716 oppido
649 2631 695 2696 ibi
718 2629 855 2712 condito,
878 2630 962 2713 quod
981 2630 1207 2696 Alexandream

211 2722 368 2806 appellari
389 2723 537 2802 iusserat,
558 2719 638 2784 fines
661 2740 780 2802 eorum,
803 2718 858 2802 qui
875 2717 1033 2783 Musicani
1053 2719 1205 2802 appellen·

175 2815 279 2893 etur,
305 2809 449 2874 intravIt
483 2807 547 2873 Hic
570 2808 607 2871 de
629 2806 772 2873 Teriolte
795 2809 936 2889 satrape,
963 2827 1057 2890 quem
1078 2806 1205 2890 Parapa-

212 2897 346 2963 misadis
368 2897 574 2981 praefecerat,
596 2895 711 2960 iisdem
733 2895 942 2980 arguentibus
966 2896 1120 2979 cognovit
1137 2893 1205 2960 mul·

211 2991 308 3072 taque
327 3005 422 3048 avare
440 3005 477 3049 ac
490 2984 627 3068 superbe
640 2984 755 3049 fecisse
770 2983 951 3048 convictum
964 2983 1101 3049 interfici
1114 2982 1205 3049 iussit

160 3091 193 3138 10
212 3075 378 3158 Oxyartes,
400 3076 530 3156 praetor
552 3071 813 3154 Bactrianorum,
835 3092 902 3136 non
924 3071 1091 3137 absolutus
1114 3069 1203 3143 modo,

213 3163 268 3228 sed
296 3162 395 3226 etiam
421 3160 489 3224 iure
517 3161 634 3225 amoris
663 3160 830 3244 amplioris
855 3159 983 3242 imperii
1005 3159 1145 3225 donatus
1165 3157 1204 3221 est

211 3250 339 3316 finibus.
383 3247 558 3313 Musicanis
589 3249 701 3313 deinde
731 3249 766 3312 in
792 3247 949 3312 dicionem
976 3248 1116 3313 redactis
1144 3241 1203 3312 urbi

161 3443 193 3490 11
213 3337 819 3507 eorurpnpgagplldffipsltpppspptpp'am
841 3422 954 3488 Indiae
977 3427 1122 3508 gentem,
1145 3438 1201 3516 per:

213 3517 343 3582 ventum
362 3518 420 3580 est
461 3511 653 3578 Porticanus
675 3514 832 3594 rexerat,
854 3511 911 3594 qui
933 3534 967 3576 se
985 3513 1127 3578 munitae
1143 3505 1203 3574 urbl

213 3623 287 3668 cum
314 3621 432 3684 magna
455 3623 552 3665 manu
575 3599 778 3683 popularium
802 3599 984 3664 incluserat
1029 3599 1121 3666 Hane
1141 3595 1200 3662 Ale·
