2600 4096
277 201 531 258 HISTORIABUM
548 201 762 257 ALEXANDRI
779 201 854 272 VIII,
874 209 898 259 1.
1025 204 1088 268 185

89 346 191 430 pressi
220 349 309 428 sunt,
338 367 476 430 quorum
507 345 596 415 clade
622 346 723 411 totius
749 345 892 429 regionis
918 347 1012 412 finita
1038 347 1089 412 de

88 435 186 499 sectio
200 437 256 498 est.
297 432 480 498 Alexander
493 438 619 518 quoque
634 433 804 518 Sogdianis
817 456 928 498 rursus
946 436 1088 501 subactis
1108 447 1124 497 a

90 521 282 586 Maracanda
294 522 421 606 repetit
457 521 507 587 Ibi
521 522 650 606 Berdes,
669 544 764 606 quem
782 523 823 586 ad
837 521 975 605 Scythas
995 545 1092 607 super

89 608 270 693 Bosporum
301 610 444 675 colentes
474 611 621 695 miserat,
652 632 725 676 cum
756 611 874 695 legatis
905 611 1011 695 gentis
1041 633 1090 677 oc-

62 733 64 738 .
90 699 201 762 currit:
231 697 491 781 Phrataphernes
522 719 661 782 quoque,
693 699 748 783 qui
775 696 974 764 Chorasmiis
1001 713 1124 783 prae-8

90 790 169 868 erat,
188 785 382 871 Massagetis
401 791 434 851 et
451 785 554 851 Dahis
571 787 742 870 regionum
760 788 897 852 confinio
916 787 1091 871 adiunctus,

90 875 230 956 miserat,
254 875 309 958 qui
325 874 487 939 facturum
504 875 662 958 imperata
679 875 916 958 pollicerentur.
952 873 1090 958 Scythae
1109 891 1125 938 9

89 962 250 1046 petebant,
271 966 309 1027 ut
329 963 417 1046 regis
436 963 487 1026 sui
504 962 606 1027 filiam
623 962 830 1027 matrimonio
850 964 913 1028 sibi
930 965 1091 1049 iungeret:

90 1051 118 1115 si
136 1050 364 1134 dedignaretur
382 1051 590 1129 adfinitatem,
611 1051 772 1134 principes
790 1050 1001 1116 Macedonum
1019 1074 1092 1118 cum

90 1138 282 1222 primoribus
307 1161 382 1203 suae
401 1139 507 1223 gentis
525 1139 662 1206 conubio
681 1140 766 1204 coire
784 1142 962 1222 pateretur:
984 1142 1092 1224 ipsum

91 1248 214 1310 quoque
236 1246 347 1310 regem
369 1229 539 1291 venturum
561 1228 601 1292 ad
620 1248 694 1291 eum
711 1227 957 1310 pollicebantur.
997 1227 1092 1294 Utra-
1111 1243 1145 1291 10

92 1336 150 1398 que
170 1315 334 1398 legatione
356 1315 495 1400 benigne
519 1316 629 1379 audita
645 1314 919 1398 Hephaestionem
941 1318 974 1380 ct
995 1315 1091 1381 Arte·

90 1402 204 1467 barum
231 1403 399 1486 opperiens
428 1403 547 1468 stativa
573 1404 701 1468 habuit:
729 1404 844 1488 quibus
872 1404 1030 1469 adiunctis
1057 1406 1092 1470 in

91 1492 267 1576 regionem,
289 1512 370 1574 quae
393 1490 575 1575 appellatur
595 1489 744 1575 Bazaira,
765 1493 921 1576 pervenit.

65 1596 84 1660 2
174 1579 340 1644 Barbarae
362 1579 547 1663 opulentiae
569 1579 605 1643 in
628 1580 694 1645 illis
716 1579 797 1644 locis
821 1578 906 1644 haud
928 1579 995 1644 ulla
1018 1585 1092 1645 sunt
1110 1595 1140 1647 11

91 1668 213 1732 maiora
240 1666 374 1751 indicia,
402 1688 499 1751 quam
525 1668 653 1751 magnis
682 1668 866 1733 nemoribus
892 1667 1092 1752 saltibusque

91 1755 248 1819 nobilium
260 1755 401 1819 ferarum
415 1774 530 1838 greges
544 1756 634 1819 clusi.
657 1754 823 1839 Spatiosas
837 1756 878 1820 ad
891 1756 953 1819 hoc
966 1756 1092 1839 eligunt
1112 1770 1147 1819 la

92 1842 203 1922 silvas,
228 1843 349 1908 crebris
371 1843 559 1928 perennium
582 1864 735 1927 aquarum
759 1843 903 1908 fontibus
927 1864 1091 1908 amoenas:

92 1932 188 1996 muris
215 1953 348 1996 nemora
374 1932 547 2015 cinguntur
572 1935 740 2015 turresque
763 1932 884 1997 habent
905 1933 1091 1996 venantium

91 2021 299 2102 receptacula.
353 2018 513 2095 Quattuor
547 2019 707 2084 continuis
743 2019 904 2084 aetatibus
935 2020 1091 2085 intactum
1112 2034 1144 2082 la

93 2108 210 2172 saltum
236 2107 337 2172 fuisse
365 2107 548 2189 constabat,
580 2128 675 2191 quem
702 2106 886 2172 Alexander
918 2129 1001 2186 cum,
1022 2111 1092 2172 toto

93 2196 233 2260 exercitu
254 2196 420 2280 ingressus
443 2196 563 2280 agitari
584 2196 725 2280 undique
747 2196 832 2260 feras
854 2197 959 2262 iussit
1002 2197 1093 2262 Inter
1112 2211 1145 2258 11

93 2303 169 2366 quas
190 2304 262 2348 cum
279 2283 331 2348 leo
350 2283 580 2367 magnitudinis
603 2305 695 2348 rarae
712 2285 821 2368 ipsum
838 2304 948 2368 regem
966 2285 1092 2350 invasu-

91 2391 142 2436 rus
166 2372 353 2454 incurreret,
375 2371 458 2436 forte
479 2371 699 2455 Lysimachus,
722 2375 778 2458 qui
799 2376 913 2456 postea
934 2373 1093 2456 regnavit,

92 2461 256 2540 proximus
270 2459 463 2543 Alexandro,
480 2461 674 2526 venabulum
693 2461 820 2525 obicere
833 2459 920 2524 ferae
935 2463 1092 2542 coeperat.

93 2545 160 2622 Quo
187 2569 245 2612 rex
271 2548 400 2631 repulso
429 2551 462 2612 et
489 2549 577 2613 abire
604 2551 691 2614 iusso
719 2549 836 2612 adiecit
858 2552 925 2610 tam
949 2567 969 2609 a
991 2551 1093 2610 semet

91 2655 150 2700 uno
175 2657 273 2720 quam
296 2635 523 2719 aLysimacho
545 2638 672 2701 leonem
693 2635 831 2700 interfici
855 2653 958 2717 posse.
1001 2632 1145 2717 Lysi-15

91 2724 223 2788 machus
243 2723 328 2788 enim
352 2723 521 2809 quondam,
544 2746 616 2790 cum
639 2727 811 2788 venaretur
832 2722 867 2786 in
885 2719 988 2804 Syria,
1011 2721 1092 2786 occi-

92 2810 181 2877 derat
208 2812 336 2895 quidem
366 2813 501 2876 eximiae
523 2811 757 2896 magnitudinis
779 2811 883 2874 feram
906 2811 1008 2894 solus,
1038 2810 1094 2875 sed

92 2898 182 2965 laevo
200 2899 335 2964 humero
354 2921 454 2983 usque
473 2900 513 2964 ad
533 2922 607 2965 ossa
624 2899 763 2963 lacerato
784 2899 824 2962 ad
842 2898 993 2962 ultimum
1010 2900 1093 2982 peri-

92 2990 153 3053 culi
176 2992 374 3071 pervenerat.
419 2986 456 3052 Id
483 2987 590 3072 ipsum
617 2987 812 3070 exprobrans
837 2987 865 3051 ei
888 3009 945 3050 rex
967 2987 1091 3069 fortius,
1112 3001 1145 3048 16

91 3096 186 3159 quam
209 3077 335 3140 locutus
355 3079 412 3159 est,
434 3075 524 3140 fecit:
547 3097 623 3139 nam
640 3075 743 3139 ieram
761 3097 825 3140 non
844 3074 971 3158 excepit
987 3074 1092 3157 modo,

92 3165 143 3229 sed
158 3165 259 3229 etiam
274 3185 337 3228 uno
351 3165 482 3228 vulnere
497 3163 620 3228 occidit.
652 3163 817 3246 Fabulam,
836 3185 916 3248 quae
931 3163 1092 3227 obiectum
1113 3176 1144 3224 17

91 3251 174 3318 leoni
194 3274 215 3316 a
232 3271 309 3335 rege
327 3251 554 3335 Lysimachum
571 3256 690 3315 temere
708 3253 863 3337 vulgavit,
887 3251 927 3316 ab
952 3271 990 3315 eo
1009 3273 1094 3335 casu,

92 3361 185 3424 quem
204 3361 303 3423 supra
322 3340 469 3422 diximus,
493 3344 597 3404 ortam
616 3361 685 3404 esse
705 3339 901 3404 crediderim.
944 3339 1093 3403 Ceterum
1113 3350 1146 3399 18

91 3424 290 3512 Macedones,
312 3450 506 3512 quamquam
528 3449 683 3511 prospero
707 3433 822 3493 eventu
839 3427 1006 3492 defunctus
1027 3430 1097 3491 erat

91 3515 287 3598 Alexander,
316 3522 425 3580 tamen
453 3516 573 3581 scivere
601 3517 705 3600 gentis
734 3538 810 3581 suae
835 3537 939 3600 more,
969 3537 1011 3578 ne
1039 3517 1096 3579 aut

16 3655 17 3662 .
91 3605 187 3688 pedes
206 3608 377 3669 venaretur
396 3607 452 3669 aut
471 3604 538 3668 sine
558 3603 687 3669 delectis
702 3605 883 3688 principum
903 3606 999 3686 atque
1018 3601 1095 3666 ami-
