2600 4096
213 179 276 244 162
578 179 610 246 Q.
629 177 737 235 GUR'I'I
755 178 839 234 RUFI

156 344 192 393 aa
211 323 323 408 Itaque
341 322 395 407 qui
414 326 583 388 transeunt
601 343 745 406 campos,
763 323 986 408 navigantium
1002 321 1097 388 modo
1114 326 1207 387 noctu

211 413 317 478 sidera
335 412 521 494 observant,
544 410 585 475 ad
606 431 742 496 quorum
761 432 889 477 cursum
911 411 974 476 iter
996 410 1154 496 dirigunt:
1177 415 1209 475 et

209 499 440 586 propemodum
476 498 593 564 clarior
634 501 683 563 est
717 499 822 565 noctis
862 500 977 564 umbra
1013 521 1110 584 quam
1142 500 1208 563 lux·

156 609 190 658 aa
212 589 303 673 [ergo
335 587 517 664 interdiu
506 587 594 651 mvia
626 589 676 651 est
702 588 807 672 regio,
838 587 914 672 quia
942 608 1001 652 nec
1028 588 1209 672 vestigium,

210 675 296 760 quod
324 678 513 759 sequantur,
538 675 706 740 inveniunt
733 679 765 740 et
791 675 879 742 nitor
905 675 1045 741 siderum
1063 677 1209 778 ‘caligine

210 763 438 844 absconditur]
476 760 623 829 Ceterum
643 764 672 826 si
694 784 774 847 quos
792 763 848 828 ille
865 768 942 829 vent
942 787 994 846 us,
1017 763 1073 849 qui
1092 765 1211 830 amari

156 873 191 922 30
211 853 299 917 exori
299 855 365 935 tur,
389 850 610 952 deprehendit,
632 850 754 916 harena
776 851 892 918 obruit.
932 814 994 917 Sed
1016 873 1081 937 qua
1102 854 1163 916 mit
1163 853 1212 917 ior

210 944 298 1005 terra
335 942 398 1024 est,
437 939 551 1025 ingens
587 939 752 1004 hominum
788 961 1002 1024 equorumque
1037 940 1211 1005 multitudo

155 1048 191 1096 ar
211 1028 364 1114 gignitur.
411 1027 524 1112 Itaque
550 1025 717 1093 Bactriani
748 1029 871 1113 equites
898 1051 961 1094 xxx
987 1028 1078 1093 milia
1109 1029 1210 1112 exple

209 1119 331 1181 verant.
358 1115 435 1200 Ipsa
448 1115 580 1201 Bactra,
598 1116 740 1200 regionis
758 1117 826 1180 eius
846 1120 956 1201 caput,
975 1116 1039 1182 sita
1057 1119 1135 1181 sunt
1152 1117 1208 1181 sub

209 1207 321 1270 monte
341 1203 561 1289 Parapamiso.
603 1202 739 1269 Bactrus
766 1204 869 1268 amnis
897 1205 1054 1288 praeterit
1075 1205 1210 1270 moenia.

208 1292 242 1358 Is
264 1292 338 1358 urbi
360 1296 393 1358 et
413 1293 537 1378 regioni
560 1291 648 1356 dedit
669 1313 793 1357 nomen.

156 1401 190 1449 aa
290 1379 358 1445 Hic
388 1382 457 1466 regi
488 1381 609 1446 stativa
641 1380 774 1445 habenti
806 1381 974 1445 nuntiatur
1005 1403 1044 1446 ex
1076 1379 1210 1446 Graecia
1221 1381 1257 1446 19

208 1469 515 1553 Peloponnesiorum
552 1467 776 1552 Laconumque
816 1468 952 1534 defectio
990 1504 1029 1516 -
1066 1470 1210 1536 nondum

209 1558 293 1622 enim
321 1557 399 1622 victi
427 1559 532 1640 erant,
558 1577 630 1621 cunr
657 1557 934 1640 proficiscerentur
958 1558 1119 1623 turnultus
1143 1558 1209 1622 eius

207 1647 575 1817 tttttttttlfftt
597 1645 994 1798 ιιὲιὲιὲιιιιῗιὲι
1010 1649 1135 1817 ιιι,
1158 1646 1210 1798 :t

208 1827 340 1888 ventare
363 1820 462 1886 Besso
490 1821 627 1886 ferentes
651 1842 754 1904 opem.
798 1820 920 1886 Eodem
943 1825 1102 1906 tempore,
1129 1844 1210 1905 quae

207 1910 243 1974 in
280 1914 375 1995 gente
406 1909 557 1974 Ariorum
590 1906 735 1974 Caranus
774 1915 807 1974 et
841 1909 997 1994 Erigyius
1034 1914 1210 1994 gesserant,
1296 1925 1297 1932 ’

154 2017 190 2066 aa
208 1997 420 2081 perferuntur.
466 1996 680 2063 Commissum
708 2000 778 2061 erat
806 1998 964 2081 proelium
996 1996 1080 2062 inter
1106 1998 1211 2064 Mace·

208 2085 307 2149 donas
346 2085 515 2169 Ariosque.
573 2085 757 2170 Transfuga
797 2084 1021 2151 Satibarzanes
1062 2087 1210 2151 barbaris

207 2175 367 2257 praeerat:
400 2172 455 2255 qui
484 2194 556 2237 cum
584 2194 727 2258 pugnam
754 2195 883 2258 segnem
909 2175 1071 2258 utrimque
1099 2176 1209 2260 aequis
1295 2245 1296 2270 ¹

73 2305 76 2312 ι
207 2260 331 2326 viribus
359 2263 445 2324 stare
473 2260 616 2344 vidisset,
643 2263 678 2325 in
703 2261 824 2345 primos
853 2262 981 2327 ordines
1009 2262 1211 2346 adequitavit
1295 2282 1296 2297 ¹

208 2349 398 2434 demptaque
421 2347 516 2432 galea
537 2349 699 2434 inhibitis,
721 2351 776 2434 qui
798 2351 864 2414 tela
886 2350 1063 2434 iaciebant,
1086 2351 1209 2436 siquis

207 2438 329 2504 viritim
348 2436 501 2502 dimicare
518 2436 630 2521 vellet,
648 2439 836 2520 provocavit
854 2438 894 2502 ad
912 2458 1067 2523 pugnam:
1086 2440 1210 2504 nudum

154 2546 189 2596 34
208 2549 242 2592 se
265 2529 363 2610 caput
384 2527 419 2590 ιιι
437 2525 610 2590 certamine
632 2525 826 2591 habiturum.
860 2524 937 2592 Non
956 2528 1034 2591 tulit
1055 2527 1209 2593 ferociam
1294 2545 1295 2564 ¹

207 2615 338 2681 barbari
365 2615 428 2680 dux
454 2612 541 2678 illius
569 2615 726 2679 exercitus
752 2613 914 2698 Erigyius,
943 2615 1051 2700 gravis
1079 2616 1210 2700 quidem

207 2707 327 2788 aetate,
350 2703 406 2770 sed
429 2705 462 2767 et
484 2702 584 2767 animi
604 2705 637 2766 et
654 2703 798 2786 corporis
821 2703 936 2768 robore
953 2704 1036 2768 nulli
1057 2703 1210 2769 iuvenum

206 2790 439 2874 postferendus.
491 2790 524 2855 Is
561 2791 655 2874 galea
687 2791 817 2875 dempta
848 2791 999 2856 canitiem
1031 2795 1210 2875 ostentans,
1293 2824 1294 2841 ι

208 2877 330 2944 Venit’
329 2878 478 2964 ‚inquit‚
501 2878 593 2964 dies,
624 2900 687 2964 quo
710 2883 767 2943 aut
788 2880 923 2945 victoria
946 2883 1002 2944 aut
1025 2883 1128 2945 morte
1151 2881 1209 2946 ho-

205 2967 405 3052 nestissima‚
425 2929 535 3050 (ιιιιιι
554 2969 673 3032 amicos
692 2970 726 3031 et
743 2967 862 3032 milites
877 2966 1062 3033 Alexander
1079 2968 1211 3054 habeat,

152 3075 186 3126 35
207 3055 395 3122 ostendam'.
426 3052 494 3120 Nec
512 3055 607 3137 plura
630 3056 772 3122 elocutus
791 3077 907 3140 equum
930 3056 965 3120 in
985 3055 1114 3121 hostem
1131 3057 1211 3141 egit.
1292 3109 1293 3113 ,

207 3143 359 3209 Crederes
377 3143 582 3228 imperatum,
599 3147 637 3209 ut
655 3143 739 3210 acies
757 3166 778 3208 ιι
778 3147 944 3228 ttraeque
929 3144 995 3209 etla
1014 3144 1211 3212 cohiberent

205 3231 358 3297 Protinus
382 3233 467 3296 certa
495 3235 695 3297 recesserunt
680 3232 792 3298 tdato
818 3232 920 3297 libero
944 3232 1126 3317 spatio‚in
1089 3235 1210 3298 intenti

205 3319 239 3384 in
262 3324 411 3386 eventum
432 3340 498 3384 non
521 3320 636 3386 ducum
659 3321 768 3403 modo,
796 3321 851 3386 sed
874 3321 973 3385 etiarn
1000 3343 1077 3387 suae
1100 3323 1210 3407 sortis,

151 3428 186 3479 aa
206 3408 324 3494 quippe
354 3408 495 3473 alienum
528 3407 700 3474 discrimen
730 3409 879 3475 secuturi.
927 3408 1020 3474 Prior
1050 3410 1209 3475 barbarus

205 3498 312 3563 emisit
338 3497 480 3562 hastam:
513 3518 608 3581 quam
635 3497 787 3582 Erigyius
815 3497 939 3563 modica
966 3497 1081 3581 capitis
1113 3499 1209 3564 decli-

204 3587 334 3652 natione
355 3585 473 3651 vitavit
495 3588 592 3670 atque
614 3585 683 3669 ipse
704 3586 854 3652 infestam
881 3587 1017 3652 sarisam
1040 3608 1123 3671 equo
1146 3588 1210 3653 cal·
1290 3640 1291 3655 ,
