2600 4096
292 182 546 240 HISTORIARUM
564 180 778 236 ALEXANDRI
796 181 860 250 VH,
879 187 903 235 8.
1040 181 1103 245 157

469 427 473 436 .
519 375 680 444 0111111

47 506 83 571 ll
183 502 245 569 His
282 504 330 569 ita
364 502 540 588 conpositis
572 502 754 568 Alexander
784 501 919 567 Arsame
950 502 1136 567 Ariorumr

95 596 226 678 satrape
245 591 422 658 constituto
440 591 504 654 iter
521 591 726 674 pronuntiari
744 590 834 655 iubet
851 591 884 655 in
904 589 1104 674 Arimaspos,

95 702 176 766 quos
200 681 268 745 iam
289 684 368 745 tunc
389 683 516 744 mutato
538 679 668 744 nomine
685 678 866 764 Euergetas
887 679 1104 763 appellabant,

95 791 134 834 ex
157 791 223 854 quo
244 768 367 853 frigore
396 767 562 851 victusque
584 768 719 850 penuria
741 765 820 850 Cyri
849 768 1024 833 exercitum
1051 766 1105 832 ad·

95 857 218 923 fectum
240 856 338 922 tectis
362 858 395 920 et
417 855 648 920 commeatibus
670 855 828 920 iuverant
872 853 1010 930 Quintus
1036 854 1139 920 diosa

96 950 175 1098 prat,
198 949 236 1010 ut
258 945 291 1010 in
315 965 387 1046 eam
403 944 569 1096 redgippem
586 946 808 1096 perprperat.t
826 941 1004 1029 Cognoscit
1021 942 1104 1097 §tati-

95 1054 381 1206 minitrat
407 1053 526 1185 11ῃὲ
528 1053 616 1185 iim
608 1053 1108 1204 elffiituiudallllui

95 1209 270 1295 Erigyium
296 1230 369 1274 cum
396 1207 559 1274 Artabazo
586 1212 621 1274 et
647 1207 832 1274 Andronico
859 1211 893 1272 et
914 1226 952 1273 vr
973 1209 1106 1275 milibus

97 1297 294 1362 Graecorum
316 1296 460 1381 peditum
487 1317 520 1362 co
546 1297 645 1380 1111111,
671 1317 747 1380 quos
767 1311 815 1360 Dc
842 1296 967 1381 equites
994 1319 1107 1382 seque-

97 1388 226 1452 bantur.
261 1385 336 1470 Ipse
353 1403 402 1450 nx
420 1384 531 1449 diebus
549 1389 679 1470 gentem
692 1385 926 1470 Euergetarum
946 1385 1107 1450 ordinavit
1125 1398 1142 1446 1

97 1494 219 1560 magna
245 1474 381 1557 pecunia
408 1474 451 1538 ob
479 1474 643 1558 egregiam
665 1474 699 1538 in
717 1471 836 1558 (lyram
859 1473 955 1538 fidem
979 1472 1106 1538 donata.
1153 1523 1156 1530 .

187 1561 314 1626 Relicto
345 1561 474 1646 deinde,
505 1563 559 1645 qui
593 1563 635 1627 iis
665 1567 845 1646 praeesset,
879 1561 1035 1626 Amedine
1066 1574 1142 1621 -4

99 1652 206 1716 scriba
232 1651 261 1715 is
288 1649 389 1714 Darei
416 1650 587 1714 fuerat-
610 1650 820 1734 Arachosios,
873 1671 988 1715 uorum
1015 1645 1107 1734 regio

100 1739 139 1804 ad
167 1737 337 1803 Ponticum
369 1759 457 1803 mare
485 1738 642 1822 pertinet,
674 1739 812 1822 subegit
852 1671 912 1802 ibi
940 1737 1108 1822 exercitus,

102 1827 157 1912 qni
176 1827 237 1892 sub
256 1826 470 1891 Parmenione
487 1826 601 1909 fuerat,
625 1825 773 1892 occurrit.
817 1823 879 1891 Sex
896 1825 987 1890 milia
1004 1824 1108 1890 Mace·

102 1916 222 1980 donum
246 1918 339 1979 erant
361 1919 395 1979 et
412 1930 455 1980 cc
471 1915 597 1980 nobiles
621 1917 695 1980 etv
711 1914 802 1979 milia
824 1912 1021 1978 Graecorum
1035 1935 1107 1979 cum

102 2002 266 2086 equitibus
284 2019 341 2082 nc,
362 2002 449 2067 haud
473 2002 569 2068 dubie
590 2003 690 2069 robur
713 2002 856 2069 omnium
874 2002 990 2067 virium
1012 2004 1109 2088 regis.

102 2089 290 2156 Arachosiis
317 2091 412 2156 datus
434 2090 554 2156 Menon
580 2095 710 2176 praetor
730 2109 784 2156 1111
806 2089 937 2173 milibus
963 2091 1144 2175 peditans

102 2183 135 2244 et
157 2195 205 2246 nc
228 2179 391 2263 equitibus
413 2180 449 2244 111
470 2179 667 2264 praesidium
688 2179 821 2244 relictis.

54 2291 92 2356 12
189 2265 266 2351 Ipse
283 2287 341 2333 rex
357 2268 521 2333 nationem
537 2289 578 2333 ne
591 2267 739 2333 finitimis
753 2269 881 2353 quidem
895 2267 975 2333 satis
988 2271 1110 2351 notam,

103 2356 223 2440 quippe
250 2356 340 2421 nullo
367 2356 559 2422 commercio
581 2357 741 2422 colentem
763 2360 893 2422 mutuos
918 2378 1010 2439 usus,
1037 2378 1110 2422 cum

101 2444 243 2509 exercitu
261 2444 405 2509 intravit.
449 2445 720 2528 Parapamisadae
743 2445 960 2529 appellantur,
982 2448 1145 2527 agrestes

102 2533 270 2597 hominum
289 2552 390 2616 genus
409 2534 443 2596 et
459 2532 543 2598 inter
565 2533 720 2598 barbaros
744 2533 882 2597 maxime
901 2530 1111 2596 inconditum.

102 2620 263 2686 Locorum
282 2621 440 2704 asperitas
457 2620 626 2686 hominum
640 2641 766 2706 quoque
779 2619 913 2704 ingenia
931 2617 1110 2683 duraverat.

1 2765 2 2782 ,
102 2708 345 2774 Gelidissimum
368 2709 597 2792 septentrionis
616 2731 708 2774 axem
731 2729 770 2772 ex
792 2727 912 2791 magna
929 2710 1021 2790 parte
1041 2721 1146 2790 spe-⁷

1 2795 2 2852 Ὗ
103 2801 203 2880 etant,
220 2796 403 2862 Bactrianis
422 2799 463 2862 ab
479 2797 641 2863 occidente
655 2796 817 2862 coniuncti
831 2799 916 2873 sunt,
934 2795 1112 2860 meridiana

1 2887 2 2912 ³
103 2885 195 2971 regio
215 2885 255 2949 ad
274 2906 361 2950 mare
379 2884 525 2950 Indicum
542 2887 657 2970 vergit
701 2883 847 2968 Tuguria
865 2885 966 2948 latere
985 2885 1025 2948 ab
1043 2884 1111 2948 imo
1131 2895 1147 2944 8

1 3035 2 3038 ,
105 2980 236 3039 struunt
263 2977 309 3058 et,
335 2975 411 3058 quia
436 2973 554 3040 sterilis
583 2976 634 3038 est
659 2976 748 3038 terra
774 2973 909 3037 materia
938 2972 998 3053 [111]
1028 2972 1112 3036 nudo

1 3087 2 3132 3
104 3063 204 3128 ctiam
231 3062 352 3127 montis
380 3062 488 3144 dorso,
514 3083 615 3146 usque
643 3062 685 3125 ad
712 3082 873 3125 summum
896 3059 1113 3125 aedificiorum

1 3143 2 3231 ξ
106 3150 272 3235 fastigium
296 3150 407 3214 eodem
426 3150 581 3214 laterculo
600 3152 742 3215 utuntur.
784 3147 934 3214 Ceterum
953 3152 1115 3213 structura
1133 3161 1149 3208 9

1 3239 2 3254 ¹
106 3238 205 3340 latior
236 3239 277 3302 ab
309 3239 376 3304 imo
408 3238 567 3340 paulatim
593 3238 790 3339 incremento
803 3237 923 3340 ⁸operis
950 3237 984 3301 in
1011 3237 1114 3340 artius

106 3324 1167 3498 111111111111111111111

108 3509 141 3568 et
168 3504 313 3587 arbores,
340 3504 368 3569 si
391 3525 472 3589 quae
494 3503 529 3567 in
551 3506 643 3567 tanto
666 3507 772 3568 terrae
794 3504 902 3587 rigore
925 3501 1038 3567 durare
1060 3523 1115 3584 po-

105 3595 249 3676 tuerunt,
272 3592 412 3657 obruunt
429 3592 567 3676 penitus.
602 3591 718 3656 Hieme
736 3589 883 3656 defossae
901 3589 1019 3655 latent:
1043 3611 1113 3654 cum
