2600 4096
317 237 570 296 msToRIARum
587 239 801 295 ALEXANDRI
818 239 879 310 VII,
900 246 923 294 1.
1060 241 1122 305 151

115 384 381 469 conloquentium
399 405 494 451 voces
513 384 644 468 signum
660 385 741 449 tuba
758 383 869 449 datum
886 383 974 450 finit:
996 384 1031 448 in
1048 407 1125 451 suos

116 475 254 558 quisque
273 473 401 538 ordines
416 473 572 538 currimus
592 476 637 557 et,
655 473 810 556 quidquid
827 473 948 536 irarum
966 473 1002 536 in
1019 473 1125 538 taber·

117 563 237 628 naculo
264 564 454 645 conceptum
482 564 546 644 est,
578 561 613 625 in
639 560 782 626 hostium
811 560 983 625 effunditur
1009 563 1126 645 capita

117 650 251 716 Utinam
265 649 414 714 Philotas
428 670 556 734 quoque
569 649 657 714 intra
670 649 770 714 verba
783 652 960 732 peccasset!
987 649 1125 714 Proinde
1143 665 1177 713 aa

80 739 160 804 4ad
179 739 212 802 id
230 742 423 822 praevertar,
446 737 683 822 propterquod
704 738 753 801 rei
775 759 894 803 sumus.
929 738 1126 823 Amicitiam,

119 848 203 912 quae
225 827 318 891 uobis
342 848 416 891 cum
432 825 565 891 Philota
581 826 658 909 fnit,
680 825 760 890 adeo
782 847 850 891 non
871 847 909 891 eo
932 827 1068 910 infitias,
1089 832 1127 892 ut

119 915 280 998 expetisse
307 936 434 999 quoque
459 936 520 979 nos
547 935 748 999 magnosque
775 935 813 978 er
841 935 879 979 ea
906 913 1029 980 fructus
1056 937 1127 999 per-

119 1005 244 1088 cepisse
276 1002 440 1068 confitear.
489 1002 543 1068 An
571 1024 647 1067 vero
673 1000 911 1087 Parmenionis,
943 1025 1037 1088 quem
1065 1004 1127 1069 tibi
1145 1019 1178 1067 27

117 1093 301 1178 proximum
330 1112 400 1156 esse
428 1090 576 1174 voluisti,
606 1090 709 1155 filium
736 1111 847 1154 omnes
874 1110 977 1173 paene
1006 1093 1127 1158 amicos

118 1189 194 1245 tuos
211 1181 398 1266 dignatione
411 1178 593 1244 vincentem
612 1179 734 1244 cultum
748 1200 767 1242 a
780 1178 873 1242 nobis
892 1199 962 1243 esse
976 1180 1127 1246 miraris?

119 1269 179 1347 Tu,
198 1269 351 1351 hercules,
369 1268 526 1332 siveram
544 1266 726 1351 audireris,
744 1289 809 1347 rex,
826 1266 922 1331 huius
935 1268 1030 1332 nobis
1043 1270 1127 1352 peri-
1146 1286 1179 1334 28

116 1357 185 1422 culi
203 1377 237 1420 es
256 1377 360 1421 causa
401 1355 480 1432 Quis
499 1355 585 1420 enim
608 1356 690 1420 alius
714 1355 827 1438 effecit,
850 1358 888 1418 ut
910 1354 950 1420 ed
972 1355 1127 1422 Philotan

117 1445 337 1527 decurrerent,
360 1444 416 1528 qui
438 1445 565 1528 placere
587 1444 708 1509 vellent
728 1441 813 1508 tibi?
857 1442 910 1508 Ab
933 1443 991 1508 illo
1014 1445 1129 1510 traditi

116 1533 269 1598 adhunc
293 1532 428 1618 madum
452 1533 614 1598 amicitiae
636 1535 711 1596 tuae
734 1532 942 1597 ascendimus.
986 1529 1019 1596 Is
1043 1532 1128 1616 apud

118 1626 154 1686 te
184 1620 263 1704 fuit,
294 1622 383 1686 cuius
416 1625 449 1686 et
481 1622 621 1705 gratiam
654 1624 802 1703 expetere
836 1623 868 1685 et
899 1621 981 1685 iram
1011 1620 1128 1685 timere

116 1731 297 1794 possemus.
352 1708 405 1774 An
436 1731 501 1774 non
532 1709 763 1793 propemodum
793 1710 829 1774 in
859 1712 916 1773 tua
948 1710 1046 1773 verba
1078 1710 1128 1774 tui
1146 1725 1180 1775 29

117 1819 232 1863 omnes
260 1801 293 1861 te
320 1801 495 1882 praeeunte
520 1798 711 1880 iuravimus,
738 1797 866 1862 eosdem
893 1818 952 1862 nos
979 1797 1128 1862 inimicos

116 1886 304 1970 amicosque
340 1885 508 1950 habituros
544 1906 628 1968 esse,
665 1906 745 1969 qnos
776 1888 813 1949 tu
844 1884 1002 1950 haberes?
1057 1885 1129 1951 Hoc

117 1978 323 2039 sacramento
337 1974 470 2058 pietatis
484 1974 631 2038 obstricti
646 1995 867 2038 aversaremur
881 1973 1015 2056 scilieet,
1033 1997 1128 2059 quem

115 2068 157 2128 tn
186 2063 336 2127 omnibus
365 2063 581 2146 praeferebas!
630 2060 751 2146 Igitur,
783 2063 810 2126 si
832 2062 894 2127 hoc
920 2062 1041 2127 crimen
1070 2067 1129 2148 est,
1147 2081 1181 2130 ³0

116 2172 240 2236 paucos
267 2151 451 2216 innoeentes
479 2150 593 2234 habes,
623 2151 737 2234 immo,
767 2150 927 2235 hercules,
958 2151 1128 2217 neminem.

116 2239 241 2304 Omnes
265 2239 350 2304 enim
373 2239 521 2304 Philotae
548 2239 643 2304 amici
666 2261 736 2304 esse
758 2240 942 2323 voluerunt,
974 2240 1030 2304 sed
1052 2241 1129 2304 toti-

114 2328 207 2412 dem,
238 2331 318 2412 quot
348 2327 502 2392 volebant
533 2349 617 2410 esse,
648 2349 714 2392 non
744 2331 905 2411 poterant.
953 2327 1018 2409 Ite,
1054 2329 1081 2393 si
1110 2351 1130 2394 a

115 2416 256 2480 consciis
280 2416 401 2481 amieos
422 2437 489 2480 non
512 2415 643 2500 dividis,
664 2438 706 2480 ne
728 2417 769 2480 ab
794 2417 906 2480 amieis
930 2417 1058 2498 quidem
1082 2437 1128 2480 se

116 2504 252 2589 parabis
275 2505 363 2588 illos,
393 2504 447 2587 qui
474 2504 559 2568 idem
587 2526 657 2570 esse
684 2505 863 2570 voluerunt.
909 2503 1000 2578 Quod
1027 2504 1129 2589 igitur
1147 2526 1180 2574 31

115 2593 336 2658 conscientiae
354 2592 498 2657 adfertur
515 2591 691 2657 indicium?
727 2591 774 2666 Ut
792 2592 915 2675 opinor,
933 2591 1009 2674 quia
1026 2591 1129 2674 pridie

116 2680 326 2746 familiariter
349 2684 382 2746 et
404 2680 473 2745 sine
497 2681 628 2745 arbitris
650 2682 776 2746 locutus
795 2684 845 2744 est
861 2678 1042 2743 nobiseum!
1083 2679 1131 2743 At

117 2789 183 2852 ego
205 2790 345 2853 purgare
362 2790 428 2834 non
445 2791 583 2853 possem,
607 2768 635 2834 si
652 2769 755 2852 pridie
775 2768 946 2852 quicquam
965 2788 1004 2831 ex
1022 2771 1129 2833 vetere

116 2858 191 2922 vita
218 2879 256 2922 ac
279 2879 368 2922 more
391 2862 574 2922 mutassem.
619 2855 713 2920 Nune
735 2877 826 2938 vero,
857 2856 893 2939 si,
915 2858 953 2920 ut
980 2857 1129 2921 omnibus

117 2945 247 3030 diebus,
275 2945 333 3010 illo
361 2967 498 3030 quoque,
527 2946 581 3030 qui
605 2947 773 3028 suspectus
802 2946 864 3023 est,
886 2943 1034 3028 fecimus,
1057 2966 1129 3009 con·

83 3033 258 3109 bsuetudo
281 3034 382 3098 diluet
406 3035 533 3099 crimen.
579 3031 641 3097 Sed
664 3053 761 3116 equos
785 3031 965 3116 Antiphani
987 3054 1052 3096 non
1077 3033 1128 3096 de·
1148 3055 1182 3102 32

116 3122 227 3187 dimus
246 3125 280 3187 et
297 3123 408 3207 pridie,
427 3144 523 3207 qnam
542 3120 687 3186 Philotas
706 3121 849 3185 detectus
869 3126 927 3203 est,
949 3121 1029 3185 haee
1046 3120 1128 3184 mihi

116 3233 194 3276 cum
217 3211 404 3294 Antiphane
426 3233 478 3276 res
502 3211 585 3274 erat!
613 3210 718 3294 quisi
745 3230 805 3274 nos
833 3212 1000 3293 suspectos
1023 3209 1129 3274 facere

85 3315 87 3320 '
116 3299 204 3377 vult,
226 3299 312 3383 quod
333 3299 391 3364 illo
415 3299 465 3362 die
488 3320 587 3382 equos
609 3319 677 3362 non
699 3297 888 3380 dederimus,
911 3297 1130 3381 semetipsum,

1 3407 2 3426 ³
118 3387 208 3476 quod
233 3408 287 3452 eos
311 3387 550 3470 desideraverit,
573 3407 710 3470 purgare
734 3408 800 3451 non
826 3386 956 3470 poterit.
1001 3386 1130 3469 Anceps
1148 3407 1182 3455 3³

117 3484 209 3540 enim
234 3479 357 3539 crimen
380 3480 430 3540 est
458 3477 543 3540 inter
569 3475 763 3540 retinentem
787 3478 820 3539 et
841 3474 1038 3558 exigentem:
1065 3474 1132 3538 nisi

116 3563 206 3648 qnod
230 3564 346 3628 melior
369 3566 419 3628 est
442 3585 539 3628 eausa
566 3585 659 3627 suurn
682 3585 748 3628 non
770 3562 928 3627 tradentis
956 3583 1052 3647 quam
1075 3582 1130 3645 po-

46 3733 49 3740 ,
115 3653 241 3719 scentia
271 3652 421 3716 alienum.
467 3649 631 3736 Ceterum,
658 3673 727 3735 rex,
755 3672 854 3735 equos
882 3650 991 3714 decem
1019 3648 1131 3713 habui:
1150 3670 1183 3718 ³4
