2552 4108
267 165 521 222 msromrnnu
538 162 754 220 memnoni
771 161 823 232 iv,
843 168 867 216 r.
886 165 911 218 a.
1052 160 1095 224 53

64 313 227 377 claustra
248 309 317 376 Nili
338 310 480 390 fluminis
503 308 710 374 Polemonem
731 307 815 372 tueri
836 306 938 371 iubet:
960 323 1031 370 xxx
1054 305 1095 370 ad

65 401 145 464 hoc
178 401 325 464 triremes
358 399 460 463 datae.
509 397 638 462 Africae
670 396 798 480 deinde,
834 417 915 478 quae
944 394 1131 479 Aegyptos

67 490 198 552 iuncta
225 491 287 572 est,
318 488 520 572 praepositus
542 485 748 569 Apollonius,
779 483 988 568 vectigalibus
1015 484 1095 547 eius-

70 576 158 640 dem
182 575 310 640 Africae
332 575 535 660 Aegyptique
558 572 751 639 Cleomenes.
802 572 853 637 Ex
874 571 1018 636 finitimis
1044 591 1095 634 ur·

70 664 183 728 bibus
213 664 422 748 commigrare
451 661 685 726 Alexandream
711 660 807 725 iussis
841 681 959 725 novam
984 659 1097 722 urbem

71 772 208 906 ffiatglnia
226 752 430 903 multitudirlre
447 751 610 903 qnpleqithI
626 749 726 900 Faqna
745 751 802 832 est,
823 770 895 813 cum
913 769 969 899 req
986 747 1097 898 quetqr
1115 769 1130 816 c

191 861 328 904 smuns
374 860 482 904 oena
517 861 539 902 u
611 859 786 902 aceonum
815 858 884 902 mos
917 858 950 900 es
1023 855 1096 899 es-

75 931 208 1012 nasset,
231 928 337 992 avium
350 863 474 1012 I{greges
486 889 664 991 ’advolasse
683 930 715 989 et
733 925 864 1009 polenta
882 946 952 989 esse
969 886 1096 1008 pastas:

78 1037 224 1100 cumque
247 1016 280 1080 id
303 1037 398 1081 omen
418 1037 477 1100 pro
500 1015 586 1079 tristi
606 1037 626 1078 a
643 1013 802 1097 plerisque
822 1016 906 1078 esset
924 1015 1097 1095 acceptum

77 1103 292 1188 respondisse
325 1107 427 1188 vates,
463 1123 614 1188 magnam
645 1102 734 1165 illam
760 1102 872 1166 urbem
904 1100 1098 1165 aduenarum

79 1192 303 1276 frequentiam
331 1192 501 1276 culturam,
528 1191 700 1274 multisque
729 1209 799 1254 eam
825 1189 920 1253 terris
947 1189 1099 1252 alimenta

81 1281 317 1364 praebituram.

20 1371 73 1435 34
179 1367 314 1452 Regem,
337 1389 410 1433 cum
432 1367 571 1432 secundo
595 1367 682 1431 amni
705 1365 869 1447 deflueret,
892 1363 1024 1447 adsequi
1046 1385 1132 1433 our

85 1456 181 1539 piens
205 1455 339 1539 Hector,
360 1455 581 1520 Parmenionis
607 1455 705 1538 filius,
732 1453 847 1518 eximio
875 1452 989 1516 aetatis
1011 1451 1098 1534 flore,

85 1545 125 1607 in
161 1544 272 1627 paucis
304 1543 487 1608 Alexandro
520 1564 627 1626 carus,
662 1564 797 1627 parvum
827 1540 991 1626 navigium
1023 1561 1098 1603 con·

88 1631 217 1696 soendit
237 1632 396 1717 pluribus,
426 1654 522 1716 quam
545 1652 657 1715 capere
679 1633 802 1715 posset,
833 1628 990 1713 inpositis.
1034 1624 1098 1690 Ita-

88 1741 154 1804 que
177 1741 283 1784 mersa
304 1721 396 1784 navis
419 1740 530 1785 omnes
554 1718 706 1783 destituit.
746 1717 876 1800 Hector,
898 1715 953 1779 diu
974 1714 1099 1780 flumini
1118 1736 1134 1786 8

90 1808 290 1886 obluctatus,
327 1829 398 1872 cum
434 1807 565 1871 madens
597 1806 694 1871 vestis
726 1810 759 1870 et
790 1805 933 1869 adstricti
964 1803 1099 1886 crepidis

90 1895 189 1979 pedes
212 1899 324 1960 natare
346 1895 566 1979 prohiberent,
592 1894 627 1959 in
649 1895 753 1976 ripam
775 1896 884 1956 tamen
905 1891 1099 1956 semianimis

94 1983 195 2047 evasit
218 1987 265 2067 et,
287 1987 324 2047 ut
345 1985 485 2067 primum
506 1983 662 2067 fatigatus
686 1981 832 2065 spiritum
853 1980 983 2063 laxavit,
1006 2001 1101 2064 quem

93 2074 198 2172 metus
234 2074 267 2134 et
301 2071 478 2172 periculum
512 2071 706 2152 intenderat,
737 2070 826 2134 nullo
855 2069 1026 2133 adiuvante
1060 2103 1098 2114 -

94 2180 216 2311 lttlt
240 2159 732 2312 tdtttrsttttttl
753 2158 1135 2328 affittltttxtl.

97 2339 227 2418 tumque
250 2356 365 2418 corpus
388 2336 558 2421 magnifico
582 2336 696 2400 extulit
716 2334 837 2399 funere.

185 2421 338 2487 Oneravit
363 2423 449 2488 hune
474 2424 617 2488 dolorem
638 2424 769 2488 nuntius
787 2422 899 2487 mortis
922 2420 1154 2489 Androma-10

98 2511 161 2594 chi,
193 2530 287 2594 quem
313 2512 511 2595 praefecerat
538 2510 660 2595 Syriae:
696 2511 804 2575 vivum
831 2508 1007 2575 Samaritae
1035 2529 1101 2571 cre-

98 2603 271 2663 maverant.
315 2599 367 2663 Ad
399 2600 488 2665 cuius
520 2600 684 2664 interitum
711 2597 950 2679 vindicandum,
982 2599 1102 2679 quanta

99 2687 233 2750 maxime
255 2688 415 2752 celeritate
433 2688 548 2772 potuit,
570 2687 743 2770 contendit,
765 2685 1008 2768 advenientique
1027 2686 1102 2748 sunt

103 2775 211 2839 traditi
246 2775 329 2839 tanti
365 2775 492 2841 sceleris
525 2779 679 2841 auctores.
729 2773 956 2839 Andromacho
989 2771 1102 2837 deinde
1123 2793 1153 2842 11

102 2861 238 2926 Menona
255 2863 421 2928 substituit
439 2864 635 2947 adfectisque
658 2862 828 2947 supplici0,
851 2861 906 2945 qui
922 2866 1104 2946 praetorem

102 2952 338 3036 interemerant,
359 2955 514 3034 tyrannos
537 2988 580 2999 —
601 2953 686 3015 inter
708 2972 788 3035 quos
806 2948 1104 3038 Methymnaeorum

104 3038 318 3103 Aristonicum
340 3043 372 3103 et
390 3038 600 3122 Chrysolaum
623 3075 666 3086 -
688 3039 896 3122 popularibus
920 3038 985 3103 suis
1007 3037 1103 3102 tradi·

104 3127 162 3190 dit:
183 3147 263 3209 quos
285 3127 333 3190 illi
356 3127 396 3191 ob
418 3128 552 3191 iniurias
574 3130 677 3192 tortos
700 3129 902 3191 necaverunt.

186 3214 433 3280 Atheniensium
455 3215 582 3298 deinde,
610 3214 809 3280 Rhodiorum
831 3218 864 3279 et
886 3212 1039 3279 Chiorum
1061 3213 1103 3276 le·
1127 3233 1156 3280 rc

106 3306 193 3387 gatos
220 3302 317 3366 audit.
362 3302 576 3369 Athenienses
601 3303 769 3368 victoriam
796 3303 1041 3388 gratulabantur
1063 3304 1104 3384 et,

107 3395 142 3455 ut
171 3390 289 3474 captivi
324 3389 518 3457 Graecorum
556 3391 621 3456 suis
657 3393 915 3474 rest‘tuerentur,
952 3390 1103 3455 orabant:

107 3477 216 3542 Rhodii
234 3482 267 3542 et
283 3476 355 3544 Chii
373 3479 411 3544 de
429 3479 588 3564 praesidio
608 3481 831 3563 querebantur.
867 3477 985 3542 Omnes
1004 3499 1105 3560 aequa

108 3566 276 3630 desiderare
303 3567 365 3631 visi
390 3567 638 3652 impetraverunt.
683 3566 885 3652 Mitylenaeis
913 3586 1038 3651 quoque
1062 3563 1103 3628 ob
1124 3583 1156 3632 13
