2602 4094
260 212 515 268 HISTORIARUM
531 211 746 268 ALEXANDRI
763 212 797 275 X,
815 219 840 268 ὅ.
859 219 884 268 t.
1006 212 1072 276 275

62 357 128 422 nisi
151 379 190 422 ex
212 358 369 441 permisso
393 358 543 442 voluptas
567 395 609 405 -
635 358 784 443 ingentes
809 358 955 442 profecto
978 357 1071 424 dotes

64 449 167 511 erant.
202 445 263 510 Illa
284 445 446 512 fortunae:
469 446 518 510 dis
538 467 675 530 aequare
693 467 728 511 se
746 451 780 510 et
797 447 951 511 caelestes
970 446 1070 512 hono·
1089 457 1123 506 33

61 555 115 598 res
139 555 300 598 accersere
324 535 459 600 attalia
486 535 694 600 suadentibus
724 535 862 600 oraculis
888 535 1016 600 credere
1039 539 1073 600 et

63 621 313 707 dedignantibus
341 623 487 687 venerari
513 623 620 707 ipsum
647 623 867 688 vehementius
892 645 989 707 quam
1011 645 1072 709 par

63 715 151 776 esset
181 711 290 794 irasci,
320 711 355 775 in
387 716 552 776 externum
587 710 736 777 habitum
772 715 897 776 mutare
928 712 1071 796 corporis

63 799 201 881 cultum,
223 799 346 864 imitari
368 799 566 864 devictarum
590 799 735 884 gentium
755 821 874 885 mores,
897 821 977 884 quos
996 803 1071 864 ante

62 887 233 952 victoriam
252 892 425 971 spreverat.
460 887 530 952 Iam
547 888 748 952 iracundiam
764 891 798 954 et
810 888 991 973 cupidinem
1004 889 1071 953 vini
1088 899 1124 947 34

64 975 160 1042 sicuti
180 975 312 1041 iuventa
328 977 527 1060 irritamrat,
549 976 596 1041 ita
613 979 760 1041 senectus
782 977 932 1062 mitigare
950 978 1071 1062 potuis-

64 1067 124 1128 set.
162 1063 342 1129 Fatendum
365 1068 559 1148 esttamen,
586 1087 659 1130 cum
684 1064 861 1149 plurimum
882 1067 997 1131 virtuti
1018 1065 1071 1130 de·
1089 1074 1123 1124 35

63 1151 183 1232 buerit,
214 1152 287 1237 plus
315 1149 462 1218 debuisse
488 1153 653 1238 fortunae,
685 1175 783 1238 quam
810 1154 898 1218 solus
928 1155 1071 1219 omnium

63 1241 251 1306 mortalium
269 1240 304 1304 iu
321 1243 484 1325 potestate
497 1240 621 1307 habuit
658 1240 813 1318 Quotiens
827 1242 918 1306 illum
933 1264 952 1306 a
966 1247 1071 1308 morte

63 1329 241 1393 revocavit!
261 1330 408 1413 quotiens
426 1333 548 1395 temere
566 1330 601 1395 in
616 1330 760 1414 pericula
773 1333 901 1396 vectum
915 1336 1072 1414 perpetua

63 1417 221 1481 felicitate
252 1419 408 1501 protexit!
449 1417 545 1484 Vitae
577 1439 702 1504 quoque
732 1419 829 1483 finem
858 1418 992 1483 eundem
1019 1419 1068 1483 illi
1088 1428 1121 1477 36

64 1527 161 1591 quem
196 1505 320 1590 gloriae
352 1506 474 1582 statuit
523 1506 743 1590 Expectavere
776 1529 849 1572 eum
880 1506 962 1592 fata,
995 1507 1071 1572 dum

64 1593 197 1659 Oriente
220 1593 400 1678 perdomito
424 1595 574 1680 aditoque
589 1595 733 1680 Oceano,
756 1595 911 1681 quidquid
928 1595 1071 1661 mortali·

63 1686 116 1747 tas
140 1682 302 1766 capiebat,
324 1683 470 1766 inpleret.

152 1769 238 1836 Huic
272 1771 343 1855 regi
374 1770 509 1855 ducique
541 1793 705 1838 successor
736 1773 957 1857 quaerebatur.
1008 1768 1071 1837 Sed
1088 1778 1121 1829 37

64 1858 170 1924 maior
191 1859 293 1924 moles
316 1864 398 1938 erat,
426 1881 522 1944 quam
549 1869 587 1926 ut
612 1882 695 1925 unus
722 1861 829 1926 subire
852 1882 923 1925 eam
945 1865 1071 1944 posset:

62 1949 173 2032 itaque
199 1969 316 2012 nomen
343 1968 469 2032 quoque
495 1949 562 2013 eius
589 1952 623 2013 et
649 1949 736 2013 fama
762 1970 869 2014 rerum
901 1948 936 2013 in
965 1951 1071 2015 totum

62 2035 295 2121 propemodum
323 2035 434 2101 orbem
462 2057 555 2122 reges
583 2058 621 2101 ac
647 2057 748 2120 regna
780 2038 906 2102 diffudit
933 2037 1072 2102 clarissi-

64 2126 173 2209 mique
203 2127 279 2189 suut
306 2123 424 2207 habiti,
456 2126 512 2210 qui
543 2125 642 2190 etiam
669 2126 821 2191 minimae
847 2126 934 2210 parti
959 2129 1070 2193 tantae

63 2213 215 2279 fortunae
238 2211 463 2280 adhaeserunt.

490 2371 568 2438 (lar.
591 2372 648 2438 VI.

22 2476 53 2541 19
153 2476 305 2544 Ceterum
323 2476 490 2563 Babylone
507 2514 551 2526 -
563 2477 638 2543 inde
652 2479 737 2544 enim
757 2479 894 2544 devertit
908 2478 1014 2543 oratio
1029 2515 1069 2525 -

63 2566 210 2650 corporis
237 2568 305 2632 eius
333 2567 481 2633 custodes
503 2568 538 2631 iu
563 2567 687 2651 regiam
710 2567 871 2720 principes
895 2566 1071 2630 amicorum

64 2656 225 2739 ducesque
260 2656 426 2739 copiarum
458 2655 662 2721 advocavere.
733 2659 827 2720 ecuta
853 2658 904 2719 est
929 2654 1071 2720 militum

62 2745 162 2809 turba
192 2743 390 2828 cupientium
420 2746 514 2824 scire,
544 2745 580 2808 in
610 2764 705 2827 quem
736 2742 913 2807 Alexandri
939 2743 1069 2809 fortuna

64 2835 151 2897 esset
177 2833 364 2897 transitura.
407 2832 504 2897 Multi
531 2833 627 2897 duces
654 2830 836 2916 frequentia
858 2830 999 2896 militum
1021 2842 1105 2897 ex·2

64 2921 147 2984 clusi
177 2921 303 3006 regiam
333 2922 455 2986 intrare
485 2942 551 2986 non
577 2923 741 3004 poterant,
773 2941 844 2984 cum
872 2941 987 3005 praeco
1018 2943 1070 2985 ex·

64 3008 180 3092 ceptis,
216 3009 271 3093 qui
306 3009 500 3075 nominatim
536 3009 724 3091 citarentur,
757 3008 846 3074 adire
876 3008 1071 3094 prohiberet.

64 3095 128 3161 Sed
159 3098 339 3180 precarium
370 3097 582 3181 spernebatur
614 3097 794 3182 imperium.
847 3095 897 3162 Ac
928 3097 1104 3182 primumo

63 3186 202 3250 eiulatus
229 3187 344 3270 ingens
370 3186 580 3270 ploratusque
601 3189 775 3251 renovatus
799 3190 861 3270 est,
888 3185 1001 3250 deinde
1022 3185 1071 3250 fu-

63 3274 132 3338 turi
154 3275 335 3358 expectatio
357 3274 505 3340 inhibitis
524 3274 665 3338 lacrimis
684 3275 847 3359 silentium
865 3273 950 3338 fecit.
981 3272 1105 3340 'l'unc4

63 3361 218 3429 Perdicca
241 3363 331 3448 regia
353 3363 432 3428 sella
454 3363 488 3427 in
510 3366 717 3446 conspectum
739 3363 827 3448 volgi
845 3363 933 3441 data,
956 3362 991 3426 in
1008 3385 1071 3447 qua

63 3450 213 3516 diadema
231 3453 393 3535 vestisque
410 3451 586 3516 Alexandri
605 3472 676 3515 cum
696 3453 795 3518 armis
813 3454 919 3534 crant,
938 3451 1071 3515 anulum

63 3540 126 3604 sibi
144 3540 248 3624 pridie
266 3540 424 3605 traditum
443 3563 462 3604 a
480 3561 557 3626 rege
574 3541 609 3604 in
627 3539 739 3604 eadem
758 3539 832 3606 sede
849 3539 971 3624 posuit:
994 3561 1071 3624 quo-

60 3651 136 3692 rum
164 3629 319 3714 adspectu
346 3651 457 3694 rursus
480 3628 614 3693 obortae
637 3629 785 3694 omnibus
812 3629 964 3693 lacrimae
990 3629 1071 3692 inte·

855 3733 909 3787 18*
