<?xml version="1.0" encoding="UTF-8"?>
<!DOCTYPE html PUBLIC "-//W3C//DTD XHTML 1.0 Transitional//EN"
    "http://www.w3.org/TR/xhtml1/DTD/xhtml1-transitional.dtd">
<html xmlns="http://www.w3.org/1999/xhtml" xml:lang="en" lang="en">
 <head>
  <title>
</title>
<meta http-equiv="Content-Type" content="text/html;charset=utf-8" />
  <meta name='ocr-system' content='tesseract 3.04.00' />
  <meta name='ocr-capabilities' content='ocr_page ocr_carea ocr_par ocr_line ocrx_word'/>
</head>
<body>
  <div class='ocr_page' id='page_1' title='image "./qcurtirufihisto04rufugoog_0156.png"; bbox 0 0 2582 4098; ppageno 0'>
   <div class='ocr_carea' id='block_1_1' title="bbox 208 207 846 277">
    <p class='ocr_par' dir='ltr' id='par_1_1' title="bbox 208 207 846 277">
     <span class='ocr_line' id='line_1_1' title="bbox 208 207 846 277; baseline -0.008 -8"><span class='ocrx_word' id='word_1_1' title='bbox 208 213 272 276; x_wconf 83' lang='grc'>124</span> <span class='ocrx_word' id='word_1_2' title='bbox 582 210 613 277; x_wconf 82' lang='lat' dir='ltr'>Q.</span> <span class='ocrx_word' id='word_1_3' title='bbox 633 207 743 268; x_wconf 79' lang='lat' dir='ltr'>GUBTI</span> <span class='ocrx_word' id='word_1_4' title='bbox 760 209 846 265; x_wconf 81' lang='lat' dir='ltr'>RUFI</span> 
     </span>
    </p>
   </div>
   <div class='ocr_carea' id='block_1_2' title="bbox 154 352 1286 2535">
    <p class='ocr_par' dir='ltr' id='par_1_2' title="bbox 205 352 1222 792">
     <span class='ocr_line' id='line_1_2' title="bbox 206 352 1222 438; baseline -0.005 -16"><span class='ocrx_word' id='word_1_5' title='bbox 206 356 288 422; x_wconf 89' lang='lat' dir='ltr'>caeli</span> <span class='ocrx_word' id='word_1_6' title='bbox 319 359 407 422; x_wconf 85' lang='lat' dir='ltr'>statu</span> <span class='ocrx_word' id='word_1_7' title='bbox 437 354 552 438; x_wconf 75' lang='lat' dir='ltr'>recipit</span> <span class='ocrx_word' id='word_1_8' title='bbox 585 352 620 418; x_wconf 90' lang='lat' dir='ltr'>in</span> <span class='ocrx_word' id='word_1_9' title='bbox 653 375 688 418; x_wconf 89' lang='lat' dir='ltr'>se</span> <span class='ocrx_word' id='word_1_10' title='bbox 719 353 839 418; x_wconf 83' lang='lat' dir='ltr'>fratum</span> <span class='ocrx_word' id='word_1_11' title='bbox 872 353 1047 438; x_wconf 89' lang='lat' dir='ltr'>eodemque</span> <span class='ocrx_word' id='word_1_12' title='bbox 1079 353 1222 438; x_wconf 86' lang='lat' dir='ltr'>impetu,</span> 
     </span>
     <span class='ocr_line' id='line_1_3' title="bbox 207 441 1222 528; baseline -0.002 -19"><span class='ocrx_word' id='word_1_13' title='bbox 207 466 270 528; x_wconf 92' lang='lat' dir='ltr'>quo</span> <span class='ocrx_word' id='word_1_14' title='bbox 294 444 429 510; x_wconf 86' lang='lat' dir='ltr'>effusum</span> <span class='ocrx_word' id='word_1_15' title='bbox 447 447 506 524; x_wconf 91' lang='lat' dir='ltr'>est,</span> <span class='ocrx_word' id='word_1_16' title='bbox 528 442 674 506; x_wconf 89' lang='lat' dir='ltr'>relabens</span> <span class='ocrx_word' id='word_1_17' title='bbox 697 444 818 506; x_wconf 88' lang='lat' dir='ltr'>terram</span> <span class='ocrx_word' id='word_1_18' title='bbox 840 445 976 506; x_wconf 87' lang='lat' dir='ltr'>naturae</span> <span class='ocrx_word' id='word_1_19' title='bbox 999 462 1076 506; x_wconf 89' lang='lat' dir='ltr'>suae</span> <span class='ocrx_word' id='word_1_20' title='bbox 1097 441 1222 508; x_wconf 78' lang='lat' dir='ltr'><strong>reddit.</strong></span> 
     </span>
     <span class='ocr_line' id='line_1_4' title="bbox 205 529 1222 617; baseline -0.004 -19"><span class='ocrx_word' id='word_1_21' title='bbox 205 532 251 598; x_wconf 83' lang='lat' dir='ltr'>Et</span> <span class='ocrx_word' id='word_1_22' title='bbox 272 532 403 617; x_wconf 89' lang='lat' dir='ltr'>quidam</span> <span class='ocrx_word' id='word_1_23' title='bbox 428 529 588 596; x_wconf 83' lang='lat' dir='ltr'>credidere</span> <span class='ocrx_word' id='word_1_24' title='bbox 610 551 676 596; x_wconf 92' lang='lat' dir='ltr'>non</span> <span class='ocrx_word' id='word_1_25' title='bbox 698 529 844 595; x_wconf 88' lang='lat' dir='ltr'>clausum</span> <span class='ocrx_word' id='word_1_26' title='bbox 867 551 956 595; x_wconf 89' lang='lat' dir='ltr'>mare</span> <span class='ocrx_word' id='word_1_27' title='bbox 980 551 1063 613; x_wconf 88' lang='lat' dir='ltr'>csse,</span> <span class='ocrx_word' id='word_1_28' title='bbox 1090 530 1153 595; x_wconf 88' lang='lat' dir='ltr'>sed</span> <span class='ocrx_word' id='word_1_29' title='bbox 1181 552 1222 594; x_wconf 89' lang='lat' dir='ltr'>ex</span> 
     </span>
     <span class='ocr_line' id='line_1_5' title="bbox 205 617 1221 704; baseline -0.002 -18"><span class='ocrx_word' id='word_1_30' title='bbox 205 620 297 686; x_wconf 81' lang='lat' dir='ltr'>India</span> <span class='ocrx_word' id='word_1_31' title='bbox 319 621 353 685; x_wconf 91' lang='lat' dir='ltr'>in</span> <span class='ocrx_word' id='word_1_32' title='bbox 375 619 571 704; x_wconf 88' lang='lat' dir='ltr'>Hyrcaniam</span> <span class='ocrx_word' id='word_1_33' title='bbox 594 618 719 702; x_wconf 92' lang='lat' dir='ltr'>cadere,</span> <span class='ocrx_word' id='word_1_34' title='bbox 742 618 832 683; x_wconf 92' lang='lat' dir='ltr'>cuius</span> <span class='ocrx_word' id='word_1_35' title='bbox 854 617 1033 702; x_wconf 84' lang='lat' dir='ltr'>fastigium,</span> <span class='ocrx_word' id='word_1_36' title='bbox 1054 622 1092 684; x_wconf 88' lang='lat' dir='ltr'>nt</span> <span class='ocrx_word' id='word_1_37' title='bbox 1114 639 1221 703; x_wconf 87' lang='lat' dir='ltr'>supra</span> 
     </span>
     <span class='ocr_line' id='line_1_6' title="bbox 206 705 926 792; baseline -0.006 -18"><span class='ocrx_word' id='word_1_38' title='bbox 206 710 327 774; x_wconf 89' lang='lat' dir='ltr'>dictum</span> <span class='ocrx_word' id='word_1_39' title='bbox 350 712 409 792; x_wconf 87' lang='lat' dir='ltr'>ast,</span> <span class='ocrx_word' id='word_1_40' title='bbox 430 710 586 790; x_wconf 87' lang='lat' dir='ltr'>perpetua</span> <span class='ocrx_word' id='word_1_41' title='bbox 606 706 693 772; x_wconf 82' lang='lat' dir='ltr'>valle</span> <span class='ocrx_word' id='word_1_42' title='bbox 714 705 926 771; x_wconf 72' lang='lat' dir='ltr'>submittitur.</span> 
     </span>
    </p>

    <p class='ocr_par' dir='ltr' id='par_1_3' title="bbox 154 793 1263 1054">
     <span class='ocr_line' id='line_1_7' title="bbox 154 793 1263 878; baseline 0.004 -17"><span class='ocrx_word' id='word_1_43' title='bbox 154 824 189 874; x_wconf 78' lang='lat'>20</span> <span class='ocrx_word' id='word_1_44' title='bbox 294 796 380 861; x_wconf 90' lang='lat' dir='ltr'>Hinc</span> <span class='ocrx_word' id='word_1_45' title='bbox 396 816 454 860; x_wconf 87' lang='lat' dir='ltr'>rex</span> <span class='ocrx_word' id='word_1_46' title='bbox 471 812 520 860; x_wconf 88' lang='lat' dir='ltr'>xx</span> <span class='ocrx_word' id='word_1_47' title='bbox 539 793 644 860; x_wconf 85' lang='lat' dir='ltr'>stadia</span> <span class='ocrx_word' id='word_1_48' title='bbox 665 794 825 877; x_wconf 88' lang='lat' dir='ltr'>processit</span> <span class='ocrx_word' id='word_1_49' title='bbox 846 794 962 859; x_wconf 87' lang='lat' dir='ltr'>semita</span> <span class='ocrx_word' id='word_1_50' title='bbox 979 794 1219 878; x_wconf 86' lang='lat' dir='ltr'>propemodum</span> <span class='ocrx_word' id='word_1_51' title='bbox 1231 801 1263 864; x_wconf 88' lang='lat'>13</span> 
     </span>
     <span class='ocr_line' id='line_1_8' title="bbox 206 880 1221 968; baseline -0.003 -18"><span class='ocrx_word' id='word_1_52' title='bbox 206 885 304 968; x_wconf 82' lang='lat' dir='ltr'>invia,</span> <span class='ocrx_word' id='word_1_53' title='bbox 327 883 379 948; x_wconf 90' lang='lat' dir='ltr'>cui</span> <span class='ocrx_word' id='word_1_54' title='bbox 398 883 482 948; x_wconf 87' lang='lat' dir='ltr'>silva</span> <span class='ocrx_word' id='word_1_55' title='bbox 500 880 699 965; x_wconf 74' lang='lat' dir='ltr'>imminebat,</span> <span class='ocrx_word' id='word_1_56' title='bbox 721 885 942 966; x_wconf 84' lang='lat' dir='ltr'>torrentesque</span> <span class='ocrx_word' id='word_1_57' title='bbox 961 885 994 946; x_wconf 89' lang='lat' dir='ltr'>ct</span> <span class='ocrx_word' id='word_1_58' title='bbox 1011 882 1135 948; x_wconf 82' lang='lat' dir='ltr'>eluvies</span> <span class='ocrx_word' id='word_1_59' title='bbox 1155 883 1221 948; x_wconf 89' lang='lat' dir='ltr'>iter</span> 
     </span>
     <span class='ocr_line' id='line_1_9' title="bbox 206 969 1221 1054; baseline 0 -17"><span class='ocrx_word' id='word_1_60' title='bbox 206 972 428 1038; x_wconf 89' lang='lat' dir='ltr'>morabantur.</span> <span class='ocrx_word' id='word_1_61' title='bbox 471 969 570 1036; x_wconf 88' lang='lat' dir='ltr'>Nullo</span> <span class='ocrx_word' id='word_1_62' title='bbox 596 974 709 1036; x_wconf 89' lang='lat' dir='ltr'>tamen</span> <span class='ocrx_word' id='word_1_63' title='bbox 734 970 828 1035; x_wconf 88' lang='lat' dir='ltr'>hoste</span> <span class='ocrx_word' id='word_1_64' title='bbox 850 969 947 1036; x_wconf 84' lang='lat' dir='ltr'>obvio</span> <span class='ocrx_word' id='word_1_65' title='bbox 972 973 1119 1054; x_wconf 89' lang='lat' dir='ltr'>penetrat</span> <span class='ocrx_word' id='word_1_66' title='bbox 1146 974 1221 1037; x_wconf 90' lang='lat' dir='ltr'>tan-</span> 
     </span>
    </p>

    <p class='ocr_par' dir='ltr' id='par_1_4' title="bbox 154 1057 1286 1322">
     <span class='ocr_line' id='line_1_10' title="bbox 154 1057 1220 1145; baseline -0.003 -18"><span class='ocrx_word' id='word_1_67' title='bbox 154 1079 188 1127; x_wconf 80' lang='lat' dir='ltr'>at</span> <span class='ocrx_word' id='word_1_68' title='bbox 207 1061 343 1145; x_wconf 87' lang='lat' dir='ltr'>demque</span> <span class='ocrx_word' id='word_1_69' title='bbox 361 1059 402 1124; x_wconf 90' lang='lat' dir='ltr'>ad</span> <span class='ocrx_word' id='word_1_70' title='bbox 420 1059 557 1124; x_wconf 89' lang='lat' dir='ltr'>cultiora</span> <span class='ocrx_word' id='word_1_71' title='bbox 574 1062 763 1142; x_wconf 81' lang='lat' dir='ltr'>perventum</span> <span class='ocrx_word' id='word_1_72' title='bbox 781 1063 840 1123; x_wconf 89' lang='lat' dir='ltr'>est.</span> <span class='ocrx_word' id='word_1_73' title='bbox 875 1057 1009 1123; x_wconf 82' lang='lat' dir='ltr'>Praeter</span> <span class='ocrx_word' id='word_1_74' title='bbox 1026 1058 1108 1124; x_wconf 85' lang='lat' dir='ltr'>alios</span> <span class='ocrx_word' id='word_1_75' title='bbox 1128 1079 1220 1125; x_wconf 85' lang='lat' dir='ltr'>aom-</span> 
     </span>
     <span class='ocr_line' id='line_1_11' title="bbox 207 1146 1220 1232; baseline -0.001 -19"><span class='ocrx_word' id='word_1_76' title='bbox 207 1152 343 1232; x_wconf 89' lang='lat' dir='ltr'>meatns,</span> <span class='ocrx_word' id='word_1_77' title='bbox 361 1169 496 1232; x_wconf 90' lang='lat' dir='ltr'>quorum</span> <span class='ocrx_word' id='word_1_78' title='bbox 513 1149 585 1212; x_wconf 92' lang='lat' dir='ltr'>tum</span> <span class='ocrx_word' id='word_1_79' title='bbox 602 1146 697 1230; x_wconf 89' lang='lat' dir='ltr'>copia</span> <span class='ocrx_word' id='word_1_80' title='bbox 713 1147 803 1231; x_wconf 83' lang='lat' dir='ltr'>regio</span> <span class='ocrx_word' id='word_1_81' title='bbox 827 1146 1021 1231; x_wconf 75' lang='lat' dir='ltr'>abundabat,</span> <span class='ocrx_word' id='word_1_82' title='bbox 1042 1167 1220 1230; x_wconf 89' lang='lat' dir='ltr'>pomorum</span> 
     </span>
     <span class='ocr_line' id='line_1_12' title="bbox 208 1234 1286 1322; baseline -0.002 -20"><span class='ocrx_word' id='word_1_83' title='bbox 208 1257 335 1322; x_wconf 87' lang='lat' dir='ltr'>quoque</span> <span class='ocrx_word' id='word_1_84' title='bbox 362 1237 475 1322; x_wconf 84' lang='lat' dir='ltr'>ingens</span> <span class='ocrx_word' id='word_1_85' title='bbox 502 1235 615 1300; x_wconf 91' lang='lat' dir='ltr'>modus</span> <span class='ocrx_word' id='word_1_86' title='bbox 639 1235 781 1300; x_wconf 88' lang='lat' dir='ltr'>nascitur</span> <span class='ocrx_word' id='word_1_87' title='bbox 803 1238 836 1299; x_wconf 88' lang='lat' dir='ltr'>ot</span> <span class='ocrx_word' id='word_1_88' title='bbox 857 1234 1057 1300; x_wconf 89' lang='lat' dir='ltr'>uberrimum</span> <span class='ocrx_word' id='word_1_89' title='bbox 1078 1234 1219 1320; x_wconf 78' lang='lat' dir='ltr'>gignen·</span> <span class='ocrx_word' id='word_1_90' title='bbox 1284 1243 1286 1266; x_wconf 86' lang='lat'><strong>¹</strong></span> 
     </span>
    </p>

    <p class='ocr_par' dir='ltr' id='par_1_5' title="bbox 155 1321 1286 1673">
     <span class='ocr_line' id='line_1_13' title="bbox 155 1321 1219 1407; baseline -0.004 -14"><span class='ocrx_word' id='word_1_91' title='bbox 155 1343 188 1393; x_wconf 77' lang='lat' dir='ltr'>aa</span> <span class='ocrx_word' id='word_1_92' title='bbox 209 1326 258 1391; x_wconf 89' lang='lat' dir='ltr'>dis</span> <span class='ocrx_word' id='word_1_93' title='bbox 286 1325 357 1391; x_wconf 83' lang='lat' dir='ltr'>uvis</span> <span class='ocrx_word' id='word_1_94' title='bbox 385 1324 488 1390; x_wconf 87' lang='lat' dir='ltr'>solum</span> <span class='ocrx_word' id='word_1_95' title='bbox 516 1328 575 1389; x_wconf 89' lang='lat' dir='ltr'>est</span> <span class='ocrx_word' id='word_1_96' title='bbox 622 1321 786 1407; x_wconf 82' lang='lat' dir='ltr'>Frequens</span> <span class='ocrx_word' id='word_1_97' title='bbox 813 1322 910 1388; x_wconf 88' lang='lat' dir='ltr'>arbor</span> <span class='ocrx_word' id='word_1_98' title='bbox 934 1322 1051 1388; x_wconf 90' lang='lat' dir='ltr'>faciam</span> <span class='ocrx_word' id='word_1_99' title='bbox 1077 1344 1219 1407; x_wconf 87' lang='lat' dir='ltr'>quercus</span> 
     </span>
     <span class='ocr_line' id='line_1_14' title="bbox 207 1410 1218 1496; baseline -0.001 -18"><span class='ocrx_word' id='word_1_100' title='bbox 207 1413 320 1496; x_wconf 89' lang='lat' dir='ltr'>habet,</span> <span class='ocrx_word' id='word_1_101' title='bbox 351 1413 439 1478; x_wconf 87' lang='lat' dir='ltr'>cuius</span> <span class='ocrx_word' id='word_1_102' title='bbox 469 1411 551 1476; x_wconf 90' lang='lat' dir='ltr'>folia</span> <span class='ocrx_word' id='word_1_103' title='bbox 580 1411 683 1476; x_wconf 91' lang='lat' dir='ltr'>multo</span> <span class='ocrx_word' id='word_1_104' title='bbox 711 1411 806 1476; x_wconf 88' lang='lat' dir='ltr'>melle</span> <span class='ocrx_word' id='word_1_105' title='bbox 833 1410 1017 1495; x_wconf 82' lang='lat' dir='ltr'>tinguntur,</span> <span class='ocrx_word' id='word_1_106' title='bbox 1048 1411 1117 1493; x_wconf 88' lang='lat' dir='ltr'>sed,</span> <span class='ocrx_word' id='word_1_107' title='bbox 1151 1413 1218 1477; x_wconf 89' lang='lat' dir='ltr'>nisi</span> 
     </span>
     <span class='ocr_line' id='line_1_15' title="bbox 208 1498 1286 1585; baseline -0.002 -19"><span class='ocrx_word' id='word_1_108' title='bbox 208 1503 286 1567; x_wconf 88' lang='lat' dir='ltr'>solis</span> <span class='ocrx_word' id='word_1_109' title='bbox 313 1504 420 1567; x_wconf 93' lang='lat' dir='ltr'>ortum</span> <span class='ocrx_word' id='word_1_110' title='bbox 446 1499 572 1565; x_wconf 84' lang='lat' dir='ltr'>incolae</span> <span class='ocrx_word' id='word_1_111' title='bbox 600 1498 839 1582; x_wconf 80' lang='lat' dir='ltr'>occupaverint,</span> <span class='ocrx_word' id='word_1_112' title='bbox 869 1499 921 1565; x_wconf 82' lang='lat' dir='ltr'>rel</span> <span class='ocrx_word' id='word_1_113' title='bbox 948 1499 1074 1564; x_wconf 90' lang='lat' dir='ltr'>modico</span> <span class='ocrx_word' id='word_1_114' title='bbox 1100 1502 1219 1585; x_wconf 87' lang='lat' dir='ltr'>tepore</span> <span class='ocrx_word' id='word_1_115' title='bbox 1284 1533 1286 1556; x_wconf 62' lang='grc' dir='ltr'><strong>ι</strong></span> 
     </span>
     <span class='ocr_line' id='line_1_16' title="bbox 208 1589 532 1673; baseline -0.009 -17"><span class='ocrx_word' id='word_1_116' title='bbox 208 1611 302 1656; x_wconf 83' lang='lat' dir='ltr'>sucus</span> <span class='ocrx_word' id='word_1_117' title='bbox 325 1589 532 1673; x_wconf 81' lang='lat' dir='ltr'>extinguitur.</span> 
     </span>
    </p>

    <p class='ocr_par' dir='ltr' id='par_1_6' title="bbox 156 1674 1218 2024">
     <span class='ocr_line' id='line_1_17' title="bbox 156 1674 1218 1759; baseline -0.003 -14"><span class='ocrx_word' id='word_1_118' title='bbox 156 1695 188 1745; x_wconf 78' lang='lat' dir='ltr'>aa</span> <span class='ocrx_word' id='word_1_119' title='bbox 295 1695 369 1742; x_wconf 89' lang='lat' dir='ltr'>xxx</span> <span class='ocrx_word' id='word_1_120' title='bbox 391 1677 468 1741; x_wconf 87' lang='lat' dir='ltr'>hinc</span> <span class='ocrx_word' id='word_1_121' title='bbox 491 1675 597 1741; x_wconf 87' lang='lat' dir='ltr'>stadia</span> <span class='ocrx_word' id='word_1_122' title='bbox 617 1678 830 1759; x_wconf 81' lang='lat' dir='ltr'>processerat,</span> <span class='ocrx_word' id='word_1_123' title='bbox 859 1695 932 1739; x_wconf 91' lang='lat' dir='ltr'>cum</span> <span class='ocrx_word' id='word_1_124' title='bbox 953 1674 1218 1759; x_wconf 81' lang='lat' dir='ltr'>Phrataphernes</span> 
     </span>
     <span class='ocr_line' id='line_1_18' title="bbox 208 1761 1218 1849; baseline -0.003 -17"><span class='ocrx_word' id='word_1_125' title='bbox 208 1768 239 1832; x_wconf 90' lang='lat' dir='ltr'>ei</span> <span class='ocrx_word' id='word_1_126' title='bbox 258 1765 398 1832; x_wconf 89' lang='lat' dir='ltr'>occurrit</span> <span class='ocrx_word' id='word_1_127' title='bbox 420 1784 516 1849; x_wconf 87' lang='lat' dir='ltr'>seque</span> <span class='ocrx_word' id='word_1_128' title='bbox 540 1767 572 1828; x_wconf 87' lang='lat' dir='ltr'>et</span> <span class='ocrx_word' id='word_1_129' title='bbox 595 1785 664 1846; x_wconf 88' lang='lat' dir='ltr'>eos,</span> <span class='ocrx_word' id='word_1_130' title='bbox 686 1764 742 1847; x_wconf 89' lang='lat' dir='ltr'>qui</span> <span class='ocrx_word' id='word_1_131' title='bbox 764 1766 840 1847; x_wconf 90' lang='lat' dir='ltr'>post</span> <span class='ocrx_word' id='word_1_132' title='bbox 861 1761 959 1828; x_wconf 89' lang='lat' dir='ltr'>Darei</span> <span class='ocrx_word' id='word_1_133' title='bbox 981 1767 1120 1829; x_wconf 90' lang='lat' dir='ltr'>mortem</span> <span class='ocrx_word' id='word_1_134' title='bbox 1142 1785 1218 1848; x_wconf 81' lang='lat' dir='ltr'>pro</span> 
     </span>
     <span class='ocr_line' id='line_1_19' title="bbox 206 1851 1216 1939; baseline -0.003 -20"><span class='ocrx_word' id='word_1_135' title='bbox 206 1855 366 1939; x_wconf 79' lang='lat' dir='ltr'>fugerant,</span> <span class='ocrx_word' id='word_1_136' title='bbox 388 1853 520 1918; x_wconf 86' lang='lat' dir='ltr'>dedens:</span> <span class='ocrx_word' id='word_1_137' title='bbox 543 1851 660 1936; x_wconf 91' lang='lat' dir='ltr'>quibus</span> <span class='ocrx_word' id='word_1_138' title='bbox 678 1851 816 1935; x_wconf 80' lang='lat' dir='ltr'>benigne</span> <span class='ocrx_word' id='word_1_139' title='bbox 838 1851 980 1934; x_wconf 88' lang='lat' dir='ltr'>exceptis</span> <span class='ocrx_word' id='word_1_140' title='bbox 999 1852 1039 1916; x_wconf 89' lang='lat' dir='ltr'>ad</span> <span class='ocrx_word' id='word_1_141' title='bbox 1057 1852 1216 1936; x_wconf 86' lang='lat' dir='ltr'>oppidum</span> 
     </span>
     <span class='ocr_line' id='line_1_20' title="bbox 207 1937 1216 2024; baseline 0 -18"><span class='ocrx_word' id='word_1_142' title='bbox 207 1943 312 2006; x_wconf 81' lang='lat' dir='ltr'>Arvas</span> <span class='ocrx_word' id='word_1_143' title='bbox 339 1941 495 2024; x_wconf 88' lang='lat' dir='ltr'>pervenit.</span> <span class='ocrx_word' id='word_1_144' title='bbox 543 1937 606 2006; x_wconf 88' lang='lat' dir='ltr'>Hic</span> <span class='ocrx_word' id='word_1_145' title='bbox 631 1940 662 2004; x_wconf 89' lang='lat' dir='ltr'>ei</span> <span class='ocrx_word' id='word_1_146' title='bbox 688 1937 839 2005; x_wconf 83' lang='lat' dir='ltr'>Craterus</span> <span class='ocrx_word' id='word_1_147' title='bbox 866 1943 900 2003; x_wconf 89' lang='lat' dir='ltr'>et</span> <span class='ocrx_word' id='word_1_148' title='bbox 924 1939 1077 2024; x_wconf 80' lang='lat' dir='ltr'>Erigyius</span> <span class='ocrx_word' id='word_1_149' title='bbox 1104 1961 1216 2006; x_wconf 87' lang='lat' dir='ltr'>occur·</span> 
     </span>
    </p>

    <p class='ocr_par' dir='ltr' id='par_1_7' title="bbox 161 2025 1217 2201">
     <span class='ocr_line' id='line_1_21' title="bbox 161 2025 1217 2112; baseline 0.002 -20"><span class='ocrx_word' id='word_1_150' title='bbox 161 2045 193 2094; x_wconf 74' lang='lat'>24</span> <span class='ocrx_word' id='word_1_151' title='bbox 207 2033 294 2094; x_wconf 90' lang='lat' dir='ltr'>runt:</span> <span class='ocrx_word' id='word_1_152' title='bbox 312 2029 511 2112; x_wconf 83' lang='lat' dir='ltr'>praefectum</span> <span class='ocrx_word' id='word_1_153' title='bbox 524 2027 725 2111; x_wconf 84' lang='lat' dir='ltr'>Tapurorum</span> <span class='ocrx_word' id='word_1_154' title='bbox 742 2027 849 2112; x_wconf 78' lang='lat' dir='ltr'>gentis</span> <span class='ocrx_word' id='word_1_155' title='bbox 864 2025 1059 2093; x_wconf 88' lang='lat' dir='ltr'>Phradatem</span> <span class='ocrx_word' id='word_1_156' title='bbox 1077 2027 1217 2094; x_wconf 76' lang='lat' dir='ltr'>adduxe</span> 
     </span>
     <span class='ocr_line' id='line_1_22' title="bbox 208 2114 1216 2201; baseline -0.002 -19"><span class='ocrx_word' id='word_1_157' title='bbox 208 2121 291 2182; x_wconf 87' lang='lat' dir='ltr'>rant.</span> <span class='ocrx_word' id='word_1_158' title='bbox 335 2115 399 2180; x_wconf 92' lang='lat' dir='ltr'>Hic</span> <span class='ocrx_word' id='word_1_159' title='bbox 427 2137 552 2200; x_wconf 89' lang='lat' dir='ltr'>quoqne</span> <span class='ocrx_word' id='word_1_160' title='bbox 578 2115 614 2179; x_wconf 90' lang='lat' dir='ltr'>in</span> <span class='ocrx_word' id='word_1_161' title='bbox 639 2114 737 2180; x_wconf 89' lang='lat' dir='ltr'>fidem</span> <span class='ocrx_word' id='word_1_162' title='bbox 760 2117 907 2198; x_wconf 88' lang='lat' dir='ltr'>receptus</span> <span class='ocrx_word' id='word_1_163' title='bbox 930 2115 1043 2180; x_wconf 90' lang='lat' dir='ltr'>multis</span> <span class='ocrx_word' id='word_1_164' title='bbox 1066 2118 1216 2201; x_wconf 88' lang='lat' dir='ltr'>exemplo</span> 
     </span>
    </p>

    <p class='ocr_par' dir='ltr' id='par_1_8' title="bbox 156 2201 1284 2535">
     <span class='ocr_line' id='line_1_23' title="bbox 156 2201 1216 2287; baseline 0 -18"><span class='ocrx_word' id='word_1_165' title='bbox 156 2231 189 2282; x_wconf 78' lang='lat'>25</span> <span class='ocrx_word' id='word_1_166' title='bbox 207 2205 273 2269; x_wconf 85' lang='lat' dir='ltr'>fuit</span> <span class='ocrx_word' id='word_1_167' title='bbox 304 2202 485 2286; x_wconf 86' lang='lat' dir='ltr'>experiendi</span> <span class='ocrx_word' id='word_1_168' title='bbox 518 2203 723 2268; x_wconf 85' lang='lat' dir='ltr'>clementiam</span> <span class='ocrx_word' id='word_1_169' title='bbox 756 2203 852 2287; x_wconf 81' lang='lat' dir='ltr'>regis.</span> <span class='ocrx_word' id='word_1_170' title='bbox 908 2201 1066 2287; x_wconf 85' lang='lat' dir='ltr'>Satrapen</span> <span class='ocrx_word' id='word_1_171' title='bbox 1098 2204 1216 2270; x_wconf 88' lang='lat' dir='ltr'>deinde</span> 
     </span>
     <span class='ocr_line' id='line_1_24' title="bbox 208 2289 1284 2376; baseline 0 -19"><span class='ocrx_word' id='word_1_172' title='bbox 208 2293 389 2376; x_wconf 86' lang='lat' dir='ltr'>Hyrcaniae</span> <span class='ocrx_word' id='word_1_173' title='bbox 411 2290 500 2356; x_wconf 91' lang='lat' dir='ltr'>dedit</span> <span class='ocrx_word' id='word_1_174' title='bbox 521 2289 682 2374; x_wconf 87' lang='lat' dir='ltr'>Minapin:</span> <span class='ocrx_word' id='word_1_175' title='bbox 711 2291 782 2357; x_wconf 86' lang='lat' dir='ltr'>exul</span> <span class='ocrx_word' id='word_1_176' title='bbox 805 2291 860 2356; x_wconf 92' lang='lat' dir='ltr'>hic</span> <span class='ocrx_word' id='word_1_177' title='bbox 881 2296 1036 2376; x_wconf 84' lang='lat' dir='ltr'>regnante</span> <span class='ocrx_word' id='word_1_178' title='bbox 1059 2289 1150 2357; x_wconf 89' lang='lat' dir='ltr'>Ocho</span> <span class='ocrx_word' id='word_1_179' title='bbox 1176 2293 1215 2356; x_wconf 88' lang='lat' dir='ltr'>ad</span> <span class='ocrx_word' id='word_1_180' title='bbox 1283 2323 1284 2330; x_wconf 33' lang='grc' dir='ltr'><strong>ι</strong></span> 
     </span>
     <span class='ocr_line' id='line_1_25' title="bbox 207 2378 1214 2464; baseline 0 -18"><span class='ocrx_word' id='word_1_181' title='bbox 207 2380 396 2464; x_wconf 88' lang='lat' dir='ltr'>Philippum</span> <span class='ocrx_word' id='word_1_182' title='bbox 431 2382 628 2462; x_wconf 86' lang='lat' dir='ltr'>pervenerat</span> <span class='ocrx_word' id='word_1_183' title='bbox 686 2378 887 2464; x_wconf 82' lang='lat' dir='ltr'>Tapurorum</span> <span class='ocrx_word' id='word_1_184' title='bbox 922 2400 1047 2464; x_wconf 87' lang='lat' dir='ltr'>quoquc</span> <span class='ocrx_word' id='word_1_185' title='bbox 1083 2385 1214 2464; x_wconf 77' lang='lat' dir='ltr'>gentem</span> 
     </span>
     <span class='ocr_line' id='line_1_26' title="bbox 207 2466 532 2535; baseline -0.003 -2"><span class='ocrx_word' id='word_1_186' title='bbox 207 2466 362 2535; x_wconf 89' lang='lat' dir='ltr'>Phradati</span> <span class='ocrx_word' id='word_1_187' title='bbox 383 2467 532 2533; x_wconf 87' lang='lat' dir='ltr'>reddidit</span> 
     </span>
    </p>
   </div>
   <div class='ocr_carea' id='block_1_3' title="bbox 639 2607 782 2675">
    <p class='ocr_par' dir='ltr' id='par_1_9' title="bbox 639 2607 782 2675">
     <span class='ocr_line' id='line_1_27' title="bbox 639 2607 782 2675; baseline 0.007 -1"><span class='ocrx_word' id='word_1_188' title='bbox 639 2607 718 2675; x_wconf 79' lang='lat' dir='ltr'>One.</span> <span class='ocrx_word' id='word_1_189' title='bbox 741 2607 782 2675; x_wconf 86' lang='lat' dir='ltr'>V.</span> 
     </span>
    </p>
   </div>
   <div class='ocr_carea' id='block_1_4' title="bbox 172 2731 1282 3702">
    <p class='ocr_par' dir='ltr' id='par_1_10' title="bbox 174 2731 1282 2995">
     <span class='ocr_line' id='line_1_28' title="bbox 174 2731 1252 2817; baseline 0.005 -25"><span class='ocrx_word' id='word_1_190' title='bbox 174 2745 188 2792; x_wconf 92' lang='lat'>1</span> <span class='ocrx_word' id='word_1_191' title='bbox 294 2733 427 2817; x_wconf 88' lang='lat' dir='ltr'>Iamque</span> <span class='ocrx_word' id='word_1_192' title='bbox 454 2733 571 2798; x_wconf 92' lang='lat' dir='ltr'>ultima</span> <span class='ocrx_word' id='word_1_193' title='bbox 593 2731 775 2817; x_wconf 88' lang='lat' dir='ltr'>Hyrcaniae</span> <span class='ocrx_word' id='word_1_194' title='bbox 801 2733 993 2817; x_wconf 82' lang='lat' dir='ltr'>intraverat,</span> <span class='ocrx_word' id='word_1_195' title='bbox 1018 2756 1092 2800; x_wconf 91' lang='lat' dir='ltr'>cum</span> <span class='ocrx_word' id='word_1_196' title='bbox 1119 2736 1212 2802; x_wconf 84' lang='lat' dir='ltr'>Arta-</span> <span class='ocrx_word' id='word_1_197' title='bbox 1221 2735 1252 2799; x_wconf 84' lang='grc'>14</span> 
     </span>
     <span class='ocr_line' id='line_1_29' title="bbox 207 2821 1282 2908; baseline 0.004 -22"><span class='ocrx_word' id='word_1_198' title='bbox 207 2821 320 2903; x_wconf 82' lang='lat' dir='ltr'>barus,</span> <span class='ocrx_word' id='word_1_199' title='bbox 347 2842 442 2904; x_wconf 90' lang='lat' dir='ltr'>quem</span> <span class='ocrx_word' id='word_1_200' title='bbox 469 2821 575 2886; x_wconf 89' lang='lat' dir='ltr'>Dareo</span> <span class='ocrx_word' id='word_1_201' title='bbox 601 2821 792 2886; x_wconf 91' lang='lat' dir='ltr'>fidissimum</span> <span class='ocrx_word' id='word_1_202' title='bbox 817 2821 918 2886; x_wconf 76' lang='lat' dir='ltr'>irrisae</span> <span class='ocrx_word' id='word_1_203' title='bbox 945 2824 1211 2908; x_wconf 85' lang='lat' dir='ltr'>supradiximus,</span> <span class='ocrx_word' id='word_1_204' title='bbox 1281 2875 1282 2878; x_wconf 63' lang='lat'>,</span> 
     </span>
     <span class='ocr_line' id='line_1_30' title="bbox 208 2908 1211 2995; baseline 0.004 -21"><span class='ocrx_word' id='word_1_205' title='bbox 208 2931 280 2974; x_wconf 89' lang='lat' dir='ltr'>cum</span> <span class='ocrx_word' id='word_1_206' title='bbox 302 2908 491 2993; x_wconf 90' lang='lat' dir='ltr'>propinquis</span> <span class='ocrx_word' id='word_1_207' title='bbox 513 2908 612 2974; x_wconf 91' lang='lat' dir='ltr'>Darei</span> <span class='ocrx_word' id='word_1_208' title='bbox 634 2930 672 2974; x_wconf 92' lang='lat' dir='ltr'>ac</span> <span class='ocrx_word' id='word_1_209' title='bbox 694 2909 760 2974; x_wconf 87' lang='lat' dir='ltr'>auis</span> <span class='ocrx_word' id='word_1_210' title='bbox 783 2909 894 2974; x_wconf 86' lang='lat' dir='ltr'>liberis</span> <span class='ocrx_word' id='word_1_211' title='bbox 911 2911 1099 2995; x_wconf 89' lang='lat' dir='ltr'>modicaque</span> <span class='ocrx_word' id='word_1_212' title='bbox 1118 2911 1211 2978; x_wconf 79' lang='lat' dir='ltr'>Grae</span> 
     </span>
    </p>

    <p class='ocr_par' dir='ltr' id='par_1_11' title="bbox 173 2996 1210 3330">
     <span class='ocr_line' id='line_1_31' title="bbox 173 2996 1209 3066; baseline 0.011 -11"><span class='ocrx_word' id='word_1_213' title='bbox 173 3007 318 3062; x_wconf 80' lang='lat' dir='ltr'>acorum</span> <span class='ocrx_word' id='word_1_214' title='bbox 341 2997 483 3061; x_wconf 89' lang='lat' dir='ltr'>militum</span> <span class='ocrx_word' id='word_1_215' title='bbox 505 3019 603 3063; x_wconf 92' lang='lat' dir='ltr'>manu</span> <span class='ocrx_word' id='word_1_216' title='bbox 625 2997 771 3062; x_wconf 84' lang='lat' dir='ltr'>occurrit</span> <span class='ocrx_word' id='word_1_217' title='bbox 815 2996 972 3064; x_wconf 88' lang='lat' dir='ltr'>Dextram</span> <span class='ocrx_word' id='word_1_218' title='bbox 990 3001 1134 3066; x_wconf 82' lang='lat' dir='ltr'>venienti</span> <span class='ocrx_word' id='word_1_219' title='bbox 1155 3001 1209 3066; x_wconf 76' lang='lat' dir='ltr'>ob</span> 
     </span>
     <span class='ocr_line' id='line_1_32' title="bbox 207 3084 1210 3171; baseline 0.006 -23"><span class='ocrx_word' id='word_1_220' title='bbox 207 3085 284 3149; x_wconf 90' lang='lat' dir='ltr'>tulit</span> <span class='ocrx_word' id='word_1_221' title='bbox 306 3106 375 3150; x_wconf 88' lang='lat' dir='ltr'>rex:</span> <span class='ocrx_word' id='word_1_222' title='bbox 398 3085 516 3169; x_wconf 90' lang='lat' dir='ltr'>quippe</span> <span class='ocrx_word' id='word_1_223' title='bbox 540 3089 572 3150; x_wconf 88' lang='lat' dir='ltr'>et</span> <span class='ocrx_word' id='word_1_224' title='bbox 593 3085 712 3170; x_wconf 89' lang='lat' dir='ltr'>hospes</span> <span class='ocrx_word' id='word_1_225' title='bbox 730 3084 876 3170; x_wconf 90' lang='lat' dir='ltr'>Philippi</span> <span class='ocrx_word' id='word_1_226' title='bbox 896 3087 1013 3171; x_wconf 84' lang='lat' dir='ltr'>fuerat,</span> <span class='ocrx_word' id='word_1_227' title='bbox 1034 3109 1107 3154; x_wconf 91' lang='lat' dir='ltr'>cum</span> <span class='ocrx_word' id='word_1_228' title='bbox 1125 3087 1210 3154; x_wconf 88' lang='lat' dir='ltr'>Ocho</span> 
     </span>
     <span class='ocr_line' id='line_1_33' title="bbox 207 3173 1210 3330; baseline 0.006 -5"><span class='ocrx_word' id='word_1_229' title='bbox 207 3173 913 3327; x_wconf 74' lang='grc' dir='ltr'><strong>ιιιιιιιιιιιι</strong></span> <span class='ocrx_word' id='word_1_230' title='bbox 933 3175 1099 3330; x_wconf 81' lang='grc' dir='ltr'>ιιι</span> <span class='ocrx_word' id='word_1_231' title='bbox 1117 3198 1210 3329; x_wconf 77' lang='grc' dir='ltr'>ι</span> 
     </span>
    </p>

    <p class='ocr_par' dir='ltr' id='par_1_12' title="bbox 172 3285 1209 3702">
     <span class='ocr_line' id='line_1_34' title="bbox 172 3285 1209 3436; baseline 0.009 -28"><span class='ocrx_word' id='word_1_232' title='bbox 172 3359 188 3408; x_wconf 80' lang='lat' dir='ltr'>a</span> <span class='ocrx_word' id='word_1_233' title='bbox 208 3353 373 3432; x_wconf 86' lang='lat' dir='ltr'>exceptus,</span> <span class='ocrx_word' id='word_1_234' title='bbox 396 3347 458 3413; x_wconf 79' lang='lat' dir='ltr'>‘Tu</span> <span class='ocrx_word' id='word_1_235' title='bbox 482 3348 630 3433; x_wconf 87' lang='lat' dir='ltr'>quidem’,</span> <span class='ocrx_word' id='word_1_236' title='bbox 652 3349 771 3434; x_wconf 90' lang='lat' dir='ltr'>inquit,</span> <span class='ocrx_word' id='word_1_237' title='bbox 795 3349 871 3433; x_wconf 69' lang='lat' dir='ltr'>hex,</span> <span class='ocrx_word' id='word_1_238' title='bbox 893 3351 969 3416; x_wconf 88' lang='lat' dir='ltr'>deos</span> <span class='ocrx_word' id='word_1_239' title='bbox 992 3285 1209 3436; x_wconf 45' lang='lat' dir='ltr'>quaesojgpher·</span> 
     </span>
     <span class='ocr_line' id='line_1_35' title="bbox 207 3437 1208 3522; baseline 0.003 -21"><span class='ocrx_word' id='word_1_240' title='bbox 207 3440 306 3520; x_wconf 88' lang='lat' dir='ltr'>petua</span> <span class='ocrx_word' id='word_1_241' title='bbox 319 3437 474 3503; x_wconf 83' lang='lat' dir='ltr'>felicitate</span> <span class='ocrx_word' id='word_1_242' title='bbox 489 3437 617 3502; x_wconf 88' lang='lat' dir='ltr'>floreas:</span> <span class='ocrx_word' id='word_1_243' title='bbox 640 3459 701 3522; x_wconf 86' lang='lat' dir='ltr'>ego</span> <span class='ocrx_word' id='word_1_244' title='bbox 724 3437 840 3504; x_wconf 87' lang='lat' dir='ltr'>ceteris</span> <span class='ocrx_word' id='word_1_245' title='bbox 862 3439 967 3504; x_wconf 91' lang='lat' dir='ltr'>laetus</span> <span class='ocrx_word' id='word_1_246' title='bbox 985 3439 1047 3504; x_wconf 92' lang='lat' dir='ltr'>hoc</span> <span class='ocrx_word' id='word_1_247' title='bbox 1065 3462 1130 3506; x_wconf 94' lang='lat' dir='ltr'>uno</span> <span class='ocrx_word' id='word_1_248' title='bbox 1148 3445 1208 3506; x_wconf 89' lang='lat' dir='ltr'>tor·</span> 
     </span>
     <span class='ocr_line' id='line_1_36' title="bbox 208 3524 1208 3610; baseline 0.001 -20"><span class='ocrx_word' id='word_1_249' title='bbox 208 3546 316 3610; x_wconf 90' lang='lat' dir='ltr'>queor,</span> <span class='ocrx_word' id='word_1_250' title='bbox 339 3526 425 3610; x_wconf 90' lang='lat' dir='ltr'>quod</span> <span class='ocrx_word' id='word_1_251' title='bbox 447 3524 619 3609; x_wconf 88' lang='lat' dir='ltr'>praecipiti</span> <span class='ocrx_word' id='word_1_252' title='bbox 637 3529 802 3591; x_wconf 88' lang='lat' dir='ltr'>senectute</span> <span class='ocrx_word' id='word_1_253' title='bbox 824 3525 879 3592; x_wconf 92' lang='lat' dir='ltr'>diu</span> <span class='ocrx_word' id='word_1_254' title='bbox 900 3526 966 3592; x_wconf 84' lang='lat' dir='ltr'>frui</span> <span class='ocrx_word' id='word_1_255' title='bbox 988 3529 1045 3592; x_wconf 90' lang='lat' dir='ltr'>tua</span> <span class='ocrx_word' id='word_1_256' title='bbox 1067 3528 1208 3594; x_wconf 88' lang='lat' dir='ltr'>bonitate</span> 
     </span>
     <span class='ocr_line' id='line_1_37' title="bbox 207 3612 1208 3702; baseline 0.003 -26"><span class='ocrx_word' id='word_1_257' title='bbox 207 3634 272 3678; x_wconf 94' lang='lat' dir='ltr'>non</span> <span class='ocrx_word' id='word_1_258' title='bbox 290 3612 444 3698; x_wconf 71' lang='lat' dir='ltr'>possum?</span> <span class='ocrx_word' id='word_1_259' title='bbox 475 3613 730 3697; x_wconf 81' lang='lat' dir='ltr'>Nonagesimum</span> <span class='ocrx_word' id='word_1_260' title='bbox 744 3616 777 3677; x_wconf 93' lang='lat' dir='ltr'>et</span> <span class='ocrx_word' id='word_1_261' title='bbox 791 3615 939 3698; x_wconf 90' lang='lat' dir='ltr'>quintum</span> <span class='ocrx_word' id='word_1_262' title='bbox 954 3637 1072 3680; x_wconf 91' lang='lat' dir='ltr'>annum</span> <span class='ocrx_word' id='word_1_263' title='bbox 1088 3617 1208 3702; x_wconf 86' lang='lat' dir='ltr'>agebat</span> 
     </span>
    </p>
   </div>
   <div class='ocr_carea' id='block_1_5' title="bbox 0 0 1296 4098">
    <p class='ocr_par' dir='ltr' id='par_1_13' title="bbox 0 0 1296 4098">
     <span class='ocr_line' id='line_1_38' title="bbox 0 0 1296 4098; baseline 0 3"><span class='ocrx_word' id='word_1_264' title='bbox 0 0 1296 4098; x_wconf 95' lang='lat' dir='ltr'> </span> 
     </span>
    </p>
   </div>
  </div>
 </body>
</html>
