2582 4098
261 230 514 287 fflsrocrsnun
531 229 744 285 ALEXANDRI
761 230 809 300 Vl,
827 236 851 285 6.
872 236 896 288 ’1.
1018 229 1080 293 131

71 375 208 441 barbari
225 376 348 459 territi,
366 373 648 458 emurissupinas
666 396 780 440 manus
793 374 975 458 tendentes,
990 395 1081 440 orare

73 467 263 548 coeperunt,
285 464 368 528 irem
386 463 421 527 in
439 460 681 545 Satibarzanen,
703 462 891 528 defectionis
910 466 1082 548 auctorem,

73 556 271 637 reservaret,
290 551 486 636 supplicibus
502 555 605 616 semet
616 551 807 616 dedentibus
826 554 980 635 parceret
1012 550 1082 616 Rex

73 641 155 707 dats
180 640 275 706 venia
301 661 369 704 non
395 639 596 705 obsidionem
623 638 718 705 modo
747 639 858 724 solvit,
890 638 946 705 sed
973 641 1082 704 omnia

74 751 137 794 sua
159 729 274 794 incolis
296 727 443 792 reddidit.

165 817 218 881 Ab
235 817 295 881 hac
308 817 387 882 urbe
401 815 546 900 digresso
561 816 820 899 supplementum
831 838 988 882 novorum
1001 815 1083 880 mili·
1100 833 1134 882 so

73 910 147 971 tum
171 906 318 970 occurrit.
354 903 461 969 Zoilus
479 922 504 968 1>
528 903 651 989 equites
675 925 713 968 ex
736 903 871 970 Graecia
893 904 1083 970 adduxerat:

74 1013 117 1060 111
135 994 227 1058 milia
244 1015 281 1058 ex
294 993 424 1078 Illyrico
438 991 612 1075 Antipater
625 991 770 1058 miserat:
796 993 944 1058 Thessali
958 993 1082 1078 equites

76 1085 156 1147 cet
177 1099 251 1146 xxx
278 1103 351 1146 cum
373 1080 525 1164 Philippo
553 1083 658 1145 erant:
687 1102 726 1146 ex
748 1079 852 1164 Lydia
879 1099 906 1145 11
933 1081 1024 1146 milia
1050 1087 1084 1147 et

76 1171 233 1253 sexcenti,
263 1169 453 1256 peregrinus
485 1169 592 1251 miles,
624 1167 832 1253 advenerant,
865 1186 928 1235 ccc
960 1171 1083 1255 equites

77 1259 185 1344 gentis
214 1257 356 1322 eiusdem
383 1257 608 1341 sequebantur.
652 1255 723 1323 Hac
750 1280 846 1323 manu
869 1257 997 1323 adiecta
1017 1260 1085 1324 odit
1102 1273 1135 1324 so

76 1346 237 1432 Drangae.
265 1345 425 1412 Bellicosa
437 1346 529 1410 natio
543 1348 601 1411 est
631 1343 784 1430 Satrapes
798 1344 1084 1430 eratBarzaentes,

77 1435 209 1500 sceleris
221 1434 257 1499 in
270 1454 379 1520 regem
394 1455 487 1498 suum
500 1434 661 1517 particeps
671 1434 785 1500 Besso:
798 1433 828 1500 is
842 1433 1084 1518 suppliciorum,

78 1545 161 1607 quae
184 1526 358 1604 meruerat,
379 1526 469 1587 metu
490 1522 636 1606 profugit
657 1522 693 1588 in
714 1522 849 1588 Indiam.

499 1677 576 1745 (lar.
598 1679 670 1748 VII.

25 1789 69 1856 25
168 1786 238 1851 Iam
260 1807 380 1851 nonum
403 1785 489 1850 diem
512 1786 632 1851 stativa
655 1792 759 1870 erant,
788 1809 875 1871 cum,
897 1791 1029 1853 externa
1051 1789 1084 1854 vi
1104 1804 1118 1851 1

77 1897 144 1940 non
170 1875 309 1940 invictus
336 1874 431 1939 modo
464 1873 520 1938 ssd
546 1877 649 1952 tutus,
675 1896 732 1939 rex
761 1873 915 1941 intestino
942 1876 1084 1941 facinore

77 1963 258 2047 petebatur.
297 1961 459 2046 Dymnus,
481 1961 626 2026 modicae
649 1962 732 2045 apud
754 1981 865 2046 regem
883 1966 1118 2030 auctoritatisc

79 2055 113 2115 et
131 2051 268 2136 gratiae,
290 2051 423 2133 exoleti,
444 2052 496 2114 cui
514 2047 712 2114 Nicomacho
732 2054 802 2115 erat
819 2073 952 2136 nomen,
975 2075 1103 2119 amore.

77 2140 253 2224 flagrabat,
271 2138 426 2223 obsequio
440 2138 497 2203 uni
510 2137 574 2202 sibi
593 2136 693 2203 dediti
711 2140 853 2222 corporis
871 2141 1007 2206 vinctus.
1042 2141 1084 2225 Is,
1102 2156 1119 2204 s

79 2228 166 2312 quod
182 2249 220 2292 ex
238 2228 330 2292 vultu
348 2248 475 2311 quoque
492 2225 630 2311 perspici
647 2229 789 2312 poterat,
808 2229 924 2294 similis
944 2229 1083 2296 attonito

78 2315 214 2380 remotis
229 2315 360 2380 arbitris
376 2336 448 2380 cum
461 2315 573 2381 iuvene
587 2315 720 2380 secessit
733 2316 767 2381 in
784 2318 950 2401 templum,
968 2338 1085 2382 arcana

79 2425 115 2469 sc
133 2407 167 2469 et
184 2404 308 2469 silenda
326 2403 451 2469 adferre
467 2402 648 2488 praefatus,
667 2425 920 2488 suspensumque
937 2409 1082 2488 expecta·
1102 2421 1119 2469 4

78 2493 169 2556 tione
186 2514 244 2576 per
260 2493 406 2556 mutuam
420 2491 588 2556 caritatem
603 2495 637 2556 et
654 2493 792 2576 pignora
805 2494 971 2576 utriusque
985 2493 1084 2556 animi

79 2585 185 2664 rogat,
204 2585 240 2645 ut
258 2578 407 2645 adfirmet
423 2579 637 2661 iureiurando,
653 2601 735 2664 quae
749 2580 971 2662 commisisset,
991 2580 1084 2644 silen-

79 2669 128 2735 tio
143 2689 212 2733 esse
226 2671 394 2733 tecturum.
430 2667 475 2732 Et
491 2667 548 2732 ille
563 2672 668 2751 ratus,
686 2667 782 2751 nihil,
801 2666 887 2751 quod
901 2666 998 2731 etiam
1012 2688 1084 2732 cum
1103 2683 1120 2733 5

79 2756 221 2840 periurio
236 2755 449 2840 detegendum
463 2755 561 2839 foret,
578 2755 807 2833 indicaturum,
824 2777 881 2838 per
899 2759 1085 2839 praesentes

80 2846 162 2910 deos
178 2844 272 2909 iurat
308 2843 391 2908 'Dum
408 2842 555 2927 Dymnus
574 2843 677 2926 aperit
698 2843 733 2907 in
755 2841 888 2908 tertium
910 2843 996 2908 diem
1013 2845 1085 2928 regi
1103 2863 1119 2911 s

79 2933 213 2998 insidias
241 2937 433 3018 conparatas
464 2953 560 3015 seque
587 2930 655 2995 eius
684 2930 812 2995 consilii
842 2929 982 2996 fortibus
1006 2931 1085 2996 viris

80 3026 114 3088 et
140 3020 324 3086 illustribus
350 3041 420 3086 esse
451 3019 649 3102 participem.
697 3017 776 3095 Quis
808 3018 932 3084 iuvenis
966 3020 1120 3086 auditisr

80 3132 115 3175 se
137 3130 214 3174 rero
236 3109 332 3173 fidem
354 3107 389 3173 in
415 3107 587 3190 parricidio
612 3105 736 3172 dedisse
760 3111 948 3173 constanter
972 3108 1120 3174 abnuite

79 3219 140 3264 nec
161 3197 230 3263 ulla
255 3196 425 3282 religione,
451 3198 489 3260 ut
516 3196 619 3260 scelus
647 3198 751 3280 tegat,
777 3217 872 3280 posse
899 3197 1085 3281 constringi.

80 3287 241 3372 Dymnus,
268 3289 302 3350 et
328 3305 438 3350 amore
460 3285 494 3348 et
515 3286 605 3349 metu
627 3304 752 3368 amens,
779 3285 942 3350 dexteram
967 3285 1086 3349 exoleti

81 3376 254 3458 conplexus
282 3378 315 3439 et
345 3373 518 3438 lacrimans
546 3393 639 3436 orare
669 3372 821 3457 primum,
857 3377 893 3437 ut
923 3373 1086 3456 particeps

81 3463 208 3530 consilii
238 3460 405 3546 operisque
432 3460 536 3525 fieret:
568 3459 597 3524 si
623 3460 657 3525 id
685 3461 844 3526 sustinere
874 3482 940 3525 non
966 3462 1121 3544 possets

81 3555 227 3618 attamen
243 3572 285 3614 ne
302 3550 454 3634 proderet
467 3569 510 3633 se,
529 3547 618 3613 cuins
633 3569 710 3633 erga
725 3549 833 3632 ipsum
850 3547 1087 3614 benivolentiae

80 3643 209 3728 praeter
232 3639 297 3704 alis
324 3637 387 3704 hoc
410 3658 537 3723 quoque
559 3637 695 3702 haberet
716 3635 932 3703 fortissimum
958 3636 1086 3719 pignus,

285 3765 287 3770 .
892 3737 928 3790 9*
