2552 4108
205 215 248 278 42
576 217 607 282 Q.
626 216 736 272 CURTI
754 217 840 272 RUFI

206 363 238 423 et
261 359 394 426 classem
417 363 450 424 et
471 360 636 425 machinas
659 361 779 444 pariter
801 361 984 446 admovere,
1010 365 1047 426 ut
1068 363 1223 448 undique

205 449 324 513 territis
356 450 503 531 instaret,
534 449 604 531 ipse
634 449 670 513 in
702 449 891 514 altissimam
918 453 1039 514 turrem
1066 453 1225 517 ascendit

154 558 185 606 11
204 535 329 622 ingenti
357 538 478 620 animo,
509 537 649 619 periculo
672 539 805 603 maiore:
838 539 954 622 quippe
976 539 1067 624 regio
1090 540 1224 626 insigni

205 629 238 689 et
267 626 363 689 armis
392 624 590 708 fulgentibus
618 627 808 708 conspicuus
835 648 918 691 unus
944 628 1116 710 praecipue
1140 631 1222 694 telis

204 714 380 796 petebatur.
413 712 458 777 Et
480 712 577 797 digna
598 735 728 797 prorsus
751 715 933 798 spectaculo
956 715 1069 780 edidit:
1093 717 1223 783 multos

205 822 222 864 e
245 801 345 864 muris
368 805 610 885 propugnantes
632 801 726 867 hasta
746 803 916 886 transfixit,
938 804 1096 888 quosdam
1115 807 1222 870 etiam

205 889 382 952 cornminus
427 889 534 974 gladio
580 890 743 974 clipeoque
787 890 933 974 inpulsos
977 892 1220 976 praecipitavit,

153 1087 186 1136 12
205 978 1221 1150 lllllbtrztatulallttsstt.nllllltdzssll

205 1172 349 1237 conpage
371 1152 480 1217 laxata
501 1155 700 1218 munimenta
723 1154 906 1220 defecerant
928 1160 961 1220 et
980 1157 1092 1222 classis
1112 1159 1219 1222 intra-

204 1243 296 1304 verat
316 1243 444 1324 portum
467 1245 500 1306 et
522 1244 652 1326 quidam
664 1241 876 1309 Macedonum
893 1243 928 1307 in
946 1247 1049 1308 turres
1067 1244 1221 1310 hostiurn

205 1327 347 1393 desertas
374 1335 554 1395 evaserant:
586 1352 658 1394 cum
680 1330 781 1415 Tyrii,
811 1333 862 1396 tot
888 1331 983 1396 simul
1005 1332 1099 1397 malis
1128 1335 1220 1418 vieti,

205 1415 260 1480 alii
283 1419 440 1501 supplices
461 1419 497 1482 in
514 1419 634 1500 templa
651 1419 850 1503 confugiunt,
872 1419 928 1482 alii
945 1420 1070 1484 foribus
1084 1422 1219 1486 aedium

209 1506 366 1570 obseratis
390 1510 548 1588 occupant
568 1507 705 1570 liberum
727 1508 839 1572 mortis
862 1507 1040 1592 arbitrium,
1061 1511 1218 1574 nonnulli

203 1598 303 1658 ruunt
331 1595 366 1658 in
394 1595 520 1658 hostem
546 1593 632 1658 haud
658 1595 754 1658 inulti
780 1600 887 1660 tamen
913 1597 1060 1680 perituri,
1091 1619 1219 1684 magna

204 1704 279 1767 pars
310 1703 436 1747 summa
466 1685 622 1746 tectorum
655 1682 834 1766 obtinebat,
872 1705 948 1748 saxa
980 1687 1025 1768 et,
1060 1685 1220 1769 quidquid

154 1795 185 1842 13
204 1771 270 1835 fors
293 1771 328 1835 in
350 1791 464 1834 manus
487 1770 625 1854 dederat,
647 1771 830 1855 ingerentes
854 1772 1073 1836 subeuntibus.
1115 1773 1217 1838 Alex-

205 1859 304 1922 ander
339 1859 490 1942 exceptis,
527 1858 582 1942 qui
616 1859 652 1924 in
682 1861 803 1941 templa
840 1860 1065 1944 confugerant,
1101 1882 1217 1927 omnes

154 1969 186 2017 14
204 1947 342 2010 interfici
368 1947 539 2031 ignemque
570 1948 663 2013 tectis
694 1948 770 2011 inici
800 1947 898 2011 iubet.
947 1947 1007 2012 His
1035 1970 1094 2031 per
1120 1972 1217 2032 prae-

205 2055 300 2097 cones
327 2035 542 2117 pronuntiatis
570 2057 663 2100 nemo
691 2039 800 2098 tamen
828 2039 970 2100 armatus
997 2057 1092 2120 opem
1120 2059 1142 2100 a
1167 2039 1216 2102 dis

204 2124 312 2204 petere
331 2123 494 2186 sustinuit:
518 2125 608 2206 pueri
621 2124 824 2207 virginesque
837 2125 959 2206 templa
973 2125 1217 2208 conpleverant,

204 2209 266 2272 viri
288 2209 323 2272 in
345 2209 502 2274 vestibulo
526 2232 656 2286 suarum
678 2211 812 2294 quisque
835 2212 960 2275 aedium
984 2213 1128 2297 stabant,
1157 2237 1216 2298 pa-

152 2320 185 2370 15
204 2301 276 2360 rata
308 2297 523 2361 saevientibus
554 2298 657 2362 turba.
710 2298 821 2364 Multis
853 2303 962 2364 tamen
994 2301 1090 2364 saluti
1121 2299 1216 2366 fuere

205 2384 342 2470 Sidonii,
378 2385 432 2469 qui
463 2386 549 2450 intra
580 2385 792 2452 Macedonum
822 2387 982 2470 praesidia
1014 2391 1115 2454 erant
1170 2389 1216 2454 Hi

204 2475 316 2539 urbem
344 2474 470 2558 quidem
497 2474 583 2538 inter
608 2475 745 2540 victores
772 2476 985 2559 intraverant,
1015 2476 1070 2540 sed
1093 2497 1216 2561 cogna-

203 2563 302 2628 tionis
326 2585 398 2628 cum
416 2562 521 2646 Tyriis
540 2584 695 2628 memores
714 2599 757 2608 -
776 2563 892 2648 quippe
911 2566 1079 2648 utramque
1098 2565 1216 2630 urbem

203 2650 386 2736 Agenorem
414 2651 593 2716 condidisse
620 2651 792 2716 credebant
819 2687 861 2698 -
888 2652 1007 2716 multos
1031 2652 1215 2738 tyriorum,

204 2740 286 2804 clam
312 2744 531 2824 protegentes,
563 2739 603 2803 ad
631 2761 688 2803 sua
714 2739 888 2822 perduxere
918 2740 1061 2824 navigia,
1094 2740 1214 2824 quibus
1252 2737 1255 2744 ’

204 2829 356 2892 occultati
375 2825 495 2892 Sidona
518 2827 640 2892 devecti
664 2832 748 2893 sunt.
782 2845 828 2891 xv
844 2828 934 2892 milia
951 2827 1013 2892 hoc
1031 2828 1117 2892 finto
1137 2829 1213 2894 sub-

152 2939 185 2987 16
204 2916 299 2980 ducta
331 2916 482 2980 saevitiae
514 2919 599 2982 sunt
648 2915 871 2999 Quantumque
903 2916 1070 3000 sanguinis
1101 2916 1214 2980 fusum

204 3005 255 3086 sit,
277 3004 328 3068 vel
350 3025 389 3068 ex
410 3002 472 3068 hoc
491 3005 653 3068 aestimari
670 3007 785 3087 potest,
809 3003 894 3086 quod
909 3005 1214 3068 intramunimenta
1264 3027 1265 3056 r

152 3115 183 3163 ιτ
204 3093 292 3157 urbis
310 3109 346 3156 vr
360 3092 448 3157 milia
466 3095 662 3158 armatorum
679 3091 839 3156 trucidata
855 3095 938 3156 sunt.
970 3091 1076 3156 Triste
1095 3092 1212 3156 deinde
1264 3079 1265 3162 l

204 3181 420 3264 spectaculum
443 3181 616 3245 victoribus
639 3181 687 3244 ira
709 3179 856 3262 praebuit
877 3180 971 3264 regis.
1007 3198 1033 3244 11
1055 3181 1152 3264 milia,
1174 3181 1212 3244 in
1264 3191 1265 3232 l

204 3269 320 3352 quibus
343 3268 523 3333 occidendis
547 3268 706 3332 defecerat
728 3269 842 3351 rabies,
865 3268 1010 3332 crucibus
1034 3268 1131 3332 adfixi
1143 3290 1213 3351 sper
1264 3243 1265 3304 l

151 3379 184 3430 ιε
203 3359 317 3441 ingens
339 3357 442 3422 litoris
471 3358 610 3441 spatium
631 3356 860 3440 pependerunt.
893 3354 1210 3440 Carthaginiensium

202 3446 317 3530 legatis
339 3445 482 3528 pepercit
505 3445 613 3510 addita
636 3444 878 3509 denuntiatione
903 3444 987 3528 belli,
1011 3444 1096 3527 quod
1118 3466 1210 3528 prae-
1264 3443 1265 3488 ἶ

203 3535 342 3600 sentium
364 3555 470 3597 rerum
493 3534 666 3598 necessitas
689 3536 875 3596 moraretur.

150 3645 183 3695 19
290 3621 392 3706 Tyros
425 3623 561 3706 septimo
594 3642 717 3703 mense,
753 3642 849 3704 quam
881 3619 1062 3704 oppugnari
1094 3615 1250 3703 coeptafd
