2602 4094
222 225 287 290 236
593 224 625 289 Q.
644 225 755 280 CURTI
772 224 859 280 RUFI

217 371 413 437 memorant:
441 387 556 452 aegros
584 368 715 432 relictos
742 369 865 451 cepisse
895 368 1018 450 eedem,
1046 389 1138 451 quam
1158 367 1212 451 ipsi

185 473 200 520 e
220 459 418 524 obtinebant.
446 457 552 522 Pelles
570 456 711 520 ferarum
725 478 783 539 pro
799 461 897 535 veste,
915 456 1026 521 clavae
1039 457 1105 521 tela
1119 460 1209 520 erant:

219 548 384 631 multaque
403 546 512 628 etiem,
530 565 601 609 oum
616 543 731 610 Graeci
749 565 855 608 mores
874 545 1098 627 exolevissent,
1116 544 1212 627 stirpis

184 635 436 700 sostendebent
462 632 609 717 vestigia.
646 632 731 697 Hine
753 632 940 698 escensione
967 633 1055 698 faeta
1081 649 1123 698 co
1143 636 1172 696 et
1194 648 1212 694 u

221 723 327 789 stadia
341 721 478 786 excessit
491 719 767 804 depopulatusque
780 721 945 805 regionem
956 721 1118 805 oppidum,
1131 722 1213 802 ceput

185 823 202 872 5
221 812 299 892 eius,
317 829 437 875 corona
454 809 547 891 cepit.
582 825 630 874 xa
647 809 793 892 peditum
806 808 898 872 milia
912 808 1089 893 Agalassee
1106 807 1141 872 in
1155 808 1214 890 ripe

220 897 388 963 fluminum
411 899 641 980 opposuerant:
664 917 862 980 quaeamus
886 901 1038 980 superato
1061 897 1096 961 in
1118 896 1215 981 fugam

188 984 784 1138 0tlttltttt¹⁰3ttl⁹tlt¹tlt⁸
807 982 1216 1139 ttttttttrt

222 1180 405 1246 expugnare
433 1123 565 1226 adortus
587 1181 768 1245 magnaque
794 1161 827 1225 vi
854 1160 1093 1226 defendentium
1119 1161 1215 1245 pulsus

222 1250 343 1315 multos
374 1249 586 1314 Macedonum
619 1249 737 1313 amisit.
790 1247 852 1314 Sed
889 1270 962 1314 cum
998 1251 1033 1314 in
1064 1249 1217 1315 obsidione

222 1341 472 1422 perseverasset,
496 1336 646 1421 oppidani
669 1337 839 1420 desperata
864 1339 970 1402 salute
994 1338 1106 1422 ignem
1128 1337 1217 1402 subie

225 1447 296 1492 core
318 1426 414 1491 tectis
437 1445 534 1509 seque
558 1446 595 1489 ac
617 1424 735 1490 liberos
761 1426 976 1510 coniugesque
997 1426 1147 1491 incendio
1165 1444 1218 1489 cre

189 1517 326 1580 imant.
370 1512 462 1590 Quod
486 1533 557 1578 oum
579 1513 644 1596 ipsi
667 1517 837 1596 augerent,
863 1513 974 1579 hostes
997 1514 1218 1600 extinguerent,

223 1624 307 1668 nora
337 1602 444 1666 forma
476 1621 604 1685 pugnae
636 1607 714 1666 erat
764 1601 924 1666 Delebant
953 1601 1079 1667 incolae
1112 1602 1218 1680 urbem

224 1691 335 1756 hostes
363 1688 592 1754 defendebant:
619 1689 698 1753 adeo
725 1689 823 1754 etiam
848 1694 983 1754 naturae
1011 1691 1083 1755 iura
1111 1689 1219 1754 bellum
1271 1711 1272 1760 l

189 1779 259 1844 sin
291 1778 488 1844 contrarium
519 1779 634 1842 mutat.
688 1777 757 1842 Arx
788 1781 857 1842 erat
888 1777 999 1862 oppidi
1030 1777 1219 1860 intacta,in

226 1888 290 1951 qua
311 1865 508 1949 praesidium
530 1865 711 1948 dereliquit.
746 1864 821 1949 Ipse
842 1866 980 1949 navigiis
999 1867 1219 1931 circumvectus

224 1959 275 2018 eet
306 1974 422 2019 arcem.
476 1952 603 2036 Quippe
633 1971 673 2016 111
708 1952 842 2017 flumina
874 1957 945 2018 tota
980 1952 1074 2018 India
1104 1945 1255 2038 praeterii

225 2040 361 2125 Gangen
396 2041 539 2106 maxima
573 2041 773 2106 munimento
805 2042 888 2106 arcis
925 2041 1090 2125 adplicant
1123 2041 1221 2107 undas.
1274 2025 1275 2086 l

224 2129 256 2193 A
292 2130 510 2210 septentrione
549 2126 648 2194 Indue
689 2128 807 2213 adluit,
848 2151 868 2194 a
907 2129 1040 2194 meridie
1076 2128 1220 2195 Acesines

190 2230 206 2278 9
225 2215 375 2300 Hydaspi
398 2216 614 2282 confunditur.
660 2214 811 2282 Ceterum
836 2218 980 2282 amnium
1002 2221 1114 2283 coetus
1138 2216 1221 2282 mari·

224 2305 315 2368 timis
340 2303 463 2368 similes
486 2304 601 2369 fluctus
623 2308 733 2370 movet
751 2306 917 2389 multoque
940 2328 977 2371 ac
995 2307 1126 2372 turbido
1145 2307 1221 2385 limo,

225 2393 310 2478 quod
338 2413 493 2477 aquarum
521 2414 676 2457 concursu
703 2394 838 2458 subinde
867 2393 1030 2479 turbatur,
1061 2396 1139 2476 iter,
1163 2413 1221 2478 qua

175 2495 208 2545 ιο
226 2486 352 2548 meatur
378 2481 532 2565 navigiis,
562 2481 598 2545 in
623 2485 752 2546 munem
782 2483 908 2546 alveum
935 2483 1070 2566 cogitur.
1119 2483 1221 2566 Itaque

225 2592 296 2635 oum
333 2570 437 2635 crebri
472 2569 587 2635 fluctus
623 2590 658 2633 se
693 2569 881 2634 inveherent
915 2574 949 2634 et
983 2572 1115 2636 navium
1157 2571 1222 2635 hino

224 2681 352 2741 proras,
378 2658 454 2722 hino
480 2658 585 2722 latera
610 2657 791 2740 pulsarent,
818 2658 992 2723 subducere
1019 2662 1139 2725 nautae
1161 2658 1222 2723 vela

226 2751 406 2829 coeperunt
461 2744 522 2811 Sed
553 2745 733 2810 ministeria
764 2767 874 2811 eorum
910 2745 986 2810 hinc
1017 2751 1118 2830 aestu,
1157 2746 1223 2811 hinc

175 2845 206 2894 11
225 2833 416 2916 praerapida
439 2834 605 2898 celeritate
626 2833 794 2898 fluminum
818 2839 1026 2918 occupantur.
1069 2834 1108 2900 In
1131 2833 1222 2902 oculis

226 2920 370 2986 omnium
398 2921 460 2986 duo
488 2922 613 2986 maiora
634 2922 765 3005 navigia
792 2922 958 2987 submersa
986 2926 1073 2988 sunt:
1102 2923 1223 3003 leviora,

226 3030 300 3074 cum
327 3011 360 3072 et
385 3007 458 3090 ipsa
482 3010 655 3093 nequirent
680 3009 768 3096 regi,
790 3010 824 3074 in
846 3010 950 3095 ripam
971 3014 1081 3075 tamen
1102 3009 1223 3077 innoxia

227 3096 360 3180 expulsa
382 3100 465 3160 sunt.
501 3096 575 3180 Ipse
592 3119 649 3162 rex
670 3098 705 3162 in
721 3097 944 3181 rapidissimos
957 3100 1094 3164 vertices
1112 3097 1223 3173 incidit,

227 3185 343 3268 quibus
370 3183 493 3247 intorta
514 3184 607 3250 naris
630 3185 762 3269 obliqua
785 3189 818 3250 et
841 3187 1050 3269 gubernaculi
1071 3188 1223 3272 inpatiens

176 3283 207 3332 12
227 3272 392 3352 agebatur.
433 3270 503 3335 Iam
525 3276 648 3337 vestem
674 3273 859 3339 detraxerat
881 3275 1007 3359 corpori
1032 3276 1223 3359 proiecturus

227 3361 330 3422 semet
356 3359 391 3423 in
417 3359 536 3422 flumen
564 3361 735 3445 amicique,
762 3365 799 3426 ut
826 3362 1008 3445 exciperent
1033 3385 1119 3448 eum,
1146 3359 1225 3428 haud

226 3445 339 3529 procul
370 3447 495 3512 nebant
527 3448 765 3532 adparebatque
802 3471 917 3533 anceps
953 3451 1134 3533 perieulum
1166 3456 1225 3516 tarn

176 3547 208 3596 13
227 3533 373 3600 nataturi
399 3556 497 3619 quam
523 3535 680 3618 navigare
706 3539 949 3621 perseverantis.
994 3538 1083 3625 Ergo
1111 3535 1225 3625 ingenti

228 3621 401 3686 certamine
416 3621 580 3686 concitant
593 3643 699 3687 remos
719 3628 900 3709 quanteque
913 3626 962 3691 vis
980 3627 1124 3693 humana
1138 3625 1224 3710 [esse]
