2582 4098
249 186 502 244 HISTORIARUM
520 187 735 243 ALEXANDRI
752 189 804 258 IV,
824 195 866 244 15.
886 195 927 244 16.
1048 187 1088 250 77

72 332 189 396 satis?
218 353 260 397 an
286 353 327 397 nc
353 333 552 417 fugientibus
579 333 707 417 quidem
733 354 826 417 pares
849 331 960 398 estisl'
1004 331 1124 401 Verso

71 421 189 485 dicere
215 421 383 486 videbatur
410 424 443 485 et
469 443 543 506 spes
568 422 758 506 languentes
785 442 910 506 quoquc
938 429 1090 490 erexerat.

73 508 231 574 Subditis
262 510 438 574 calcaribus
469 531 619 593 proruere
649 510 684 574 in
714 510 857 574 hostem:
892 510 999 574 atilli
1024 511 1090 577 iam

73 619 153 663 non
178 597 305 681 sensim,
328 596 383 662 sed
401 598 499 662 citato
517 598 618 682 gradu
635 598 827 663 recedebant
843 619 903 662 nec
920 598 1090 681 quicquam

73 687 194 770 fugae,
215 685 279 749 nisi
298 686 382 769 quod
399 685 543 750 nondum
560 689 652 771 terga
669 689 839 769 verterant,
862 685 979 750 deerat.
1013 686 1090 754 Par·

74 774 193 839 menio
222 777 331 838 tamen
357 774 503 858 ignarus,
525 795 683 858 quaenam
708 775 743 838 in
771 773 881 838 dextro
904 795 1004 839 cornu
1025 774 1090 842 for-

75 867 168 926 tuna
194 862 280 946 regis
307 867 404 946 asset,
431 862 585 945 repressit
605 884 694 927 suos:
725 861 873 926 Mazaeus
897 861 972 928 dato
994 864 1124 951 fugaev

78 950 193 1034 spatio
215 971 282 1015 non
303 953 390 1014 recto
417 950 544 1034 itinere,
575 950 630 1013 sed
657 950 776 1015 maiore
799 954 832 1016 et
853 952 895 1015 ob
917 951 951 1016 id
972 955 1090 1019 tutiore

78 1039 222 1104 circuitu
248 1037 360 1123 Tigrin
391 1042 522 1121 superat
552 1041 586 1102 et
611 1037 823 1121 Babyloniam
850 1061 922 1104 cum
948 1042 1090 1126 reliquiis

80 1127 204 1191 devicti
227 1127 380 1190 exercitus
402 1127 512 1190 intrat.

13 1215 65 1279 61
176 1213 298 1278 Dareus
320 1215 430 1298 paucis
451 1215 548 1299 fugae
570 1214 740 1280 comitibus
763 1214 804 1278 ad
821 1212 945 1296 Lycum
963 1239 1091 1282 amnem
1109 1235 1125 1283 8

81 1303 310 1369 contenderat:
343 1324 405 1387 quo
432 1303 565 1368 traiecto
592 1302 762 1384 dubitavit,
789 1323 832 1365 an
854 1303 991 1368 solveret
1012 1328 1090 1389 pon-

80 1394 167 1473 tem,
189 1391 306 1474 quippe
327 1389 454 1456 hostem
475 1391 541 1455 iam
564 1390 673 1456 adfore
693 1390 913 1454 nuntiabatur.
958 1389 1020 1457 Sed
1040 1397 1092 1458 tot

82 1479 178 1543 milia
205 1500 350 1562 suorum,
381 1501 462 1562 quae
488 1479 631 1544 nondum
658 1479 698 1543 ad
725 1500 851 1542 amnem
872 1486 1092 1565 pervenerant,

82 1570 186 1652 ponte
207 1568 342 1632 rescisso
359 1567 487 1631 videbat
504 1568 606 1633 hostis
624 1567 776 1652 praedam
792 1566 870 1631 fore.
900 1565 1091 1653 Abeuntem,
1109 1589 1124 1637 a

83 1677 162 1720 eum
187 1655 344 1719 intactum
371 1655 491 1720 sineret
515 1659 662 1740 pontem,
687 1655 804 1720 dixisse
826 1659 966 1738 constat,
995 1657 1091 1722 malle

85 1765 123 1808 se
155 1744 360 1827 sequentibus
390 1744 453 1807 iter
484 1744 573 1827 dare,
605 1765 701 1828 quam
734 1743 857 1807 auferre
885 1743 1091 1828 fugientibus.

84 1832 163 1915 Ipse
189 1832 303 1914 ingens
330 1830 470 1914 spatium
496 1831 575 1916 fuga
601 1853 748 1895 emensus
776 1831 880 1895 media
906 1833 973 1896 lere
997 1837 1091 1898 nocte

86 1919 210 1983 Arbela
231 1920 385 2002 pervenit.

178 2007 256 2084 Quis
278 2010 329 2072 tot
349 2006 488 2071 ludibria
509 2005 665 2090 fortunae,
688 2006 812 2090 ducum,
834 2007 1000 2091 agminum
1022 2030 1090 2072 cae·
1112 2027 1144 2077 io

88 2095 163 2159 dem
185 2094 404 2179 multiplicem,
427 2095 530 2159 daviot
531 2115 623 2159 orum
644 2057 769 2247 lugam,
792 2096 896 2159 clades
918 2117 1004 2161 nunc
1027 2097 1091 2161 sin-

90 2182 251 2268 gulorum,
279 2204 365 2247 nunc
392 2182 612 2247 universorum
634 2186 690 2247 aut
711 2184 819 2249 animo
843 2183 975 2269 adsequi
997 2188 1092 2287 queat

90 2274 148 2335 aut
176 2271 320 2336 oratione
347 2270 529 2355 conplecti?
573 2270 807 2355 Propemodum
834 2273 953 2337 saeculi
980 2295 1092 2338 resm

95 2381 195 2423 unum
220 2359 312 2422 illum
339 2359 436 2443 diem,
463 2381 534 2443 pro,
561 2358 692 2424 fortuna
714 2360 896 2424 cumulavit
939 2359 1005 2424 Alii
1028 2383 1092 2444 qua
1113 2380 1143 2429 11

91 2446 313 2512 brevissimum
334 2447 466 2530 patebat
487 2447 556 2525 iter,
578 2448 633 2510 alii
656 2447 763 2512 denos
787 2448 886 2512 saltus
909 2450 942 2511 et
963 2448 1092 2532 ignotas

93 2535 299 2688 :trelltffl
315 2536 612 2687 stiffi
654 2534 943 2708 taglpttlll
962 2536 1093 2705 iiiiii

273 2673 281 2704 l
615 2673 624 2706 7

93 2712 217 2775 bantur
261 2709 385 2775 Deinde
407 2711 623 2776 misericordia
644 2711 678 2774 in
700 2714 821 2775 metum
843 2731 943 2794 versa,
968 2711 1022 2793 qni
1045 2733 1093 2776 se·
1114 2732 1145 2780 12

96 2799 150 2884 qui
170 2820 237 2864 non
259 2802 417 2882 poterant,
440 2799 524 2863 inter
545 2800 673 2863 mutuos
697 2798 834 2883 gemitus
857 2798 1094 2863 deserebantur.

96 2885 170 2952 Sitis
193 2887 360 2970 praecipue
382 2887 536 2972 fatigatos
559 2890 592 2951 et
615 2887 739 2951 saucios
759 2887 937 2971 perurebat,
959 2888 1093 2970 passim-

95 2996 154 3059 que
181 2975 327 3040 omnibus
353 2975 430 3039 rivis
452 2978 693 3059 prostraverant
714 2995 848 3057 corpora
869 2975 1093 3058 praeterfluen-

95 3066 159 3127 tem
189 3085 305 3148 equam
334 3061 439 3126 hianti
469 3083 523 3127 ore
551 3065 725 3145 captantes.
775 3061 878 3138 Quam
905 3085 976 3127 cum
1004 3064 1094 3127 avide
1114 3085 1145 3132 13
1244 3063 1247 3068 ’

95 3151 252 3215 turbidam
274 3151 468 3228 hausissent,
490 3151 703 3215 tendebantur
725 3152 884 3234 extemplo
906 3152 1092 3236 praecordia

96 3242 256 3323 premente
287 3239 364 3304 limo
395 3239 607 3323 resolutisque
639 3242 671 3303 et
701 3239 902 3323 torpentibus
934 3239 1094 3323 membris,

99 3349 166 3391 cum
193 3328 428 3411 supervenisset
449 3325 566 3411 hostis,
594 3327 686 3391 novis
708 3328 891 3392 vulneribus
914 3328 1094 3391 excitaban-

98 3419 156 3481 tur.
190 3415 326 3491 Quidam
349 3415 512 3499 occupatis
533 3416 686 3498 proximis
707 3416 785 3480 rivis
805 3416 1008 3480 deverterant
1025 3416 1092 3479 lon·
1113 3435 1145 3484 14

99 3504 180 3588 gius,
208 3507 257 3587 ut,
286 3503 440 3588 quidquid
467 3503 583 3568 occulti
607 3503 752 3569 humoris
778 3526 914 3586 usquam
940 3508 1096 3586 manaret,

100 3592 284 3677 exciperent,
307 3613 367 3657 neo
388 3592 455 3656 ulla
477 3590 555 3657 adeo
579 3593 650 3656 avia
673 3594 705 3656 et
727 3592 810 3656 sicca
827 3592 941 3655 lacuna
959 3594 1036 3673 erat,
1058 3593 1095 3654 ut
