2552 4108
216 193 466 250 meromnauu
483 193 698 249 marsnam
715 195 768 263 m,
787 202 881 251 e-ro.
1011 195 1051 260 19

58 340 116 421 rat,
142 339 189 420 ut,
216 342 371 422 quantum
397 341 519 423 posset,
547 359 663 422 agmen
692 338 733 402 ad
754 360 841 403 mare
865 340 1053 424 extenderet,

59 447 116 508 quo
137 426 262 511 longius
285 427 411 492 abesset
429 428 512 490 acies
530 427 702 511 montibus,
725 448 804 512 quos
821 432 1053 511 occupaverant

59 513 186 578 barbari.
217 514 263 579 At
284 515 332 579 illi
353 536 457 599 neque
478 515 604 579 obstare
623 515 824 579 venientibus
842 537 901 580 nec
919 517 1050 580 circum-
1071 539 1103 586 11

58 601 99 664 ire
132 607 383 688 praetergressos
420 603 490 666 ausi
522 603 722 667 funditorum
753 605 889 668 maxime
921 608 1052 687 aspectu

57 689 153 754 territi
174 692 384 776 profugerant
402 712 502 774 eaque
520 713 571 755 res
584 691 766 756 Alexandro
788 696 894 756 tutum
915 693 1052 777 agminis

57 777 148 860 latus,
196 780 271 863 uod,
303 801 343 844 ne
367 801 502 863 superne
524 779 747 862 incesseretur,
771 780 936 865 timuerat,
962 802 1051 863 prae·

58 865 142 929 stitit.
175 801 199 952 l
297 871 329 932 et
356 867 418 932 duo
447 871 641 932 armatorum
664 866 790 932 ordines
813 868 918 951 ibant,
949 890 1052 952 neque
1072 890 1104 939 ιι
1161 917 1166 930 .

58 953 137 1017 enim
158 956 254 1020 latius
278 955 405 1020 extendi
423 956 523 1020 aciem
542 955 746 1039 patiebantur
764 956 941 1040 angustiae.
971 956 1052 1021 Pau-

57 1040 142 1106 latim
164 1043 277 1108 deinde
299 1045 406 1108 laxare
429 1065 497 1108 sese
521 1044 609 1107 sinus
632 1043 789 1107 montium
811 1048 844 1107 et
861 1045 964 1108 maius
983 1067 1052 1128 spa-

57 1130 131 1194 tium
163 1133 285 1215 aperire
317 1136 500 1214 coeperant,
530 1132 577 1195 ita
603 1133 640 1195 ut
666 1152 732 1195 non
759 1131 854 1214 pedes
877 1134 981 1196 solum
1004 1155 1052 1197 or-

58 1215 124 1281 dine
144 1219 302 1304 incedere,
332 1221 387 1284 sed
414 1221 510 1284 etiam
537 1219 690 1284 lateribus
713 1218 922 1284 circumfundi
943 1223 1054 1305 posset

58 1305 233 1389 equitatus]

480 1464 558 1532 Ore.
579 1465 617 1530 X,

14 1565 49 1629 25
138 1571 207 1637 lam
233 1573 270 1637 in
296 1575 481 1656 conspectu,
511 1570 566 1634 sed
588 1575 678 1635 extra
699 1570 757 1634 teli
778 1571 897 1635 iactum
919 1572 1087 1653 utraque1

58 1659 135 1724 acies
158 1664 241 1745 erat,
272 1682 344 1724 cum
373 1662 495 1744 priores
516 1659 633 1724 Persae
655 1658 855 1724 inconditum
878 1662 910 1722 et
930 1661 1053 1722 trucem

58 1749 205 1813 sustulere
225 1748 405 1813 clamorem.
440 1746 596 1811 Redditur
613 1751 646 1811 et
659 1770 679 1811 a
691 1746 929 1828 Macedonibus,
951 1747 1054 1810 maior
1072 1768 1087 1816 a

58 1837 205 1902 exercitus
228 1857 372 1920 numero,
392 1836 477 1920 iugis
499 1835 656 1899 montium
674 1835 835 1919 vastisque
854 1834 988 1898 saltibus
1006 1856 1053 1898 re·

57 1942 232 2003 percussus:
264 1925 381 2008 quippe
409 1944 533 2005 semper
555 1922 755 1987 circumiecta
777 1944 909 1987 nemora
931 1927 1052 2006 petrae·

59 2031 127 2095 que,
166 2015 456 2096 quantamcumque
496 2031 643 2093 accepere
678 2031 802 2094 vocem,
841 2010 1053 2093 multiplicato

58 2119 131 2164 sono
157 2101 310 2165 referunt.
345 2098 527 2163 Alexander
546 2102 621 2163 ante
639 2099 743 2182 prima
761 2099 853 2185 signa
866 2099 943 2183 ibat,
965 2099 1053 2164 iden·
1072 2121 1086 2168 3

56 2186 149 2252 tidem
176 2210 274 2253 manu
297 2210 371 2253 suos
393 2186 556 2270 inhibens,
581 2210 622 2252 ne
645 2190 793 2270 suspensi
814 2188 917 2252 acrius
942 2189 983 2252 ob
1006 2188 1053 2250 ni-

56 2275 148 2339 miam
169 2276 411 2360 festinationem
433 2274 592 2341 concitato
611 2275 725 2359 spiritu
744 2279 945 2361 capesserent
962 2297 1053 2359 proe-

56 2361 138 2428 lium.
182 2364 325 2448 Cumque
348 2363 469 2448 agmini
492 2363 702 2447 obequitaret,
723 2366 813 2428 varia
835 2364 995 2446 oratione,
1017 2366 1089 2432 ute

56 2451 202 2536 cuiusque
240 2452 355 2516 animis
392 2454 502 2534 aptum
539 2454 620 2536 erat,
662 2451 779 2516 milites
815 2451 1054 2534 adloquebatur.

55 2535 252 2625 Macedones,
273 2543 324 2604 tot
344 2540 501 2604 bellorum
522 2541 557 2603 in
578 2539 710 2624 Europa
730 2541 882 2621 victores,
905 2539 945 2601 ad
968 2538 1053 2602 subi-

55 2628 187 2708 gendam
210 2628 323 2692 Asiam
347 2632 442 2713 atque
464 2627 577 2692 ultima
600 2627 752 2712 Orientis,
775 2649 842 2692 non
863 2625 964 2709 ipsius
987 2647 1053 2689 ma·

55 2714 114 2797 gis,
143 2739 242 2799 quam
265 2738 322 2781 suo
345 2716 442 2780 ductu
464 2717 612 2801 profecti,
633 2717 826 2781 inveteratae
848 2713 976 2778 virtutis
999 2713 1053 2777 ad·

54 2805 273 2869 monebantur.
317 2802 394 2869 Illos
423 2807 580 2868 terrarum
607 2805 693 2870 orbis
714 2804 916 2868 liberatores:
948 2821 1088 2872 emen-5

55 2909 165 2974 sosque
198 2892 276 2957 olim
301 2891 449 2976 Herculis
482 2895 514 2956 et
542 2892 650 2956 Liberi
677 2888 778 2975 patris
805 2892 959 2956 terminos
986 2913 1054 2957 non

53 2974 154 3077 ¹Persis
177 2980 283 3064 modo,
309 2980 365 3044 sed
387 2980 483 3044 etiam
507 2981 654 3046 omnibus
677 2981 825 3064 gentibus
847 2980 1053 3062 imposituros

53 3086 185 3221 Ξῖἐῗὲιέι
198 3067 783 3240 ιέἷὲῗῗέἒιᾚῖἒιῖἰέἶὶιῗῖῗξὲῗι
799 3066 1053 3222 {illudit

54 3245 174 3324 aperiri
219 3242 295 3310 Non
316 3246 351 3308 in
372 3246 552 3328 praeruptis
574 3245 673 3328 petris
695 3244 877 3329 Illyriorum
899 3246 932 3306 et
953 3243 1052 3307 Thra·
1072 3265 1087 3312 6

54 3331 116 3396 ciae
139 3333 225 3399 saxis
249 3334 389 3396 sterilem
410 3333 552 3397 laborem
573 3333 651 3416 fore,
674 3334 776 3417 spolia
795 3333 894 3397 totius
914 3329 1053 3396 Orientis

55 3419 165 3486 offerri.
217 3419 282 3486 Vix
309 3421 414 3505 gladio
441 3421 584 3484 futurum
611 3443 704 3506 opus,
734 3425 838 3486 totam
865 3419 965 3484 aciem
995 3442 1052 3485 suo

52 3525 166 3587 pavore
191 3507 400 3574 fluctuantem
422 3508 613 3574 umbonibus
635 3531 730 3593 posse
752 3508 896 3592 propelli.
940 3505 1053 3572 Victor
1071 3526 1086 3575 ‘1

54 3594 92 3658 ad
125 3595 206 3672 haec
236 3597 481 3662 Atheniensium
513 3596 679 3681 Philippus
716 3601 808 3681 pater
842 3594 1053 3660 invocabatur

857 3699 894 3752 2*
