2600 4096
265 193 517 250 msuonmnum
534 195 746 250 ALEXANDRI
763 195 837 266 VIII,
854 203 879 251 3.
898 203 924 251 4.
1033 197 1097 261 195

82 339 199 404 tinuus
231 337 313 404 caeli
344 337 455 425 fragor
488 341 521 402 st
555 339 677 422 passim
712 339 893 404 cadentium
924 339 1095 407 fulminum

83 428 214 511 species
241 426 405 491 visebatur
432 427 642 512 attonitisque
669 428 798 493 auribus
826 432 957 512 stupens
979 449 1096 514 agmen

82 537 144 580 nec
179 515 332 599 progredi
361 534 422 580 nec
447 515 621 580 consistere
654 516 801 581 audebat.
850 515 932 583 Tum
963 522 1129 601 repentes

82 605 193 668 imber
221 603 410 687 grandinem
434 602 592 668 incutiens
619 605 773 670 torrentis
795 605 891 670 modo
915 604 1096 671 effimditur.

84 693 132 758 Ae
166 692 274 777 primo
303 691 431 776 quidem
462 692 561 756 armis
594 692 661 756 suis
691 693 770 756 tecti
802 697 1005 777 exceperant,
1039 693 1095 759 sed

83 781 155 846 iam
172 801 233 844 nec
250 781 388 844 retinere
407 801 497 844 arma
514 779 639 845 lubrica
651 780 794 866 rigentes
813 803 927 847 manus
945 785 1096 866 poterant

84 889 147 933 nec
184 867 249 952 ipsi
284 867 459 950 destinare,
496 868 530 932 in
567 889 663 952 quem
695 869 860 954 regionem
893 871 1095 936 obverterent

84 977 238 1040 corpora,
278 976 350 1021 cum
386 955 526 1040 undique
561 958 764 1041 tempestatis
800 958 955 1023 violentia
992 960 1096 1024 maior

85 1065 188 1129 quam
220 1043 384 1109 vitabatur
416 1049 605 1109 occurreret.
657 1043 746 1129 Ergo
779 1046 946 1112 ordinibus
979 1047 1129 1112 solutiso

84 1155 145 1217 per
168 1135 276 1196 totum
294 1132 414 1196 saltum
432 1132 646 1196 errabundum
665 1153 781 1216 agmen
802 1132 975 1199 ferebatur.
1012 1133 1095 1201 Mul·

85 1223 178 1306 tique
200 1221 290 1304 prius
309 1224 397 1284 metu
414 1242 511 1304 quam
532 1219 644 1286 labore
663 1220 831 1306 defatigati
853 1225 1096 1305 prostraverant

85 1309 181 1374 humi
199 1329 347 1393 corpora,
366 1329 560 1392 quamquam
577 1308 715 1373 imbrem
728 1310 777 1373 vis
794 1307 926 1395 frigoris
944 1317 1094 1378 concreto

86 1398 166 1482 gelu
194 1395 417 1462 adsumeret.
461 1396 528 1460 Alii
556 1419 590 1462 se
618 1397 781 1480 stipitibus
808 1398 960 1463 arborum
987 1399 1129 1464 admo-'1

86 1488 216 1550 verant:
238 1485 271 1549 id
293 1484 441 1568 plurimis
464 1487 498 1549 et
519 1485 748 1550 adminiculum
767 1488 800 1550 et
821 1486 994 1570 suffugium
1018 1491 1095 1553 erat

86 1573 158 1639 Nec
184 1573 322 1638 fallebat
347 1573 437 1657 ipsos
463 1573 562 1639 morti
587 1575 694 1638 locum
720 1574 854 1659 eligere,
881 1595 952 1640 cum
979 1575 1130 1640 immo-8

87 1664 170 1727 biles
200 1662 309 1726 vitalis
337 1663 425 1726 calor
450 1661 625 1746 linqueret:
658 1662 713 1726 sed
741 1667 835 1747 grata
863 1666 932 1728 erat
962 1663 1096 1748 pigritia

87 1771 260 1834 corporum
281 1749 429 1834 fatigatis
446 1770 505 1814 nec
522 1751 715 1815 recusabant
733 1751 876 1834 extingui
895 1751 1094 1836 quiescendo.

90 1838 218 1923 Quippe
240 1859 306 1902 non
333 1838 504 1903 vehemens
531 1838 640 1921 modo,
667 1838 723 1902 sed
750 1839 846 1903 stiam
875 1840 1023 1923 pertinax
1045 1841 1094 1905 vis

89 1927 170 1991 mali
197 1925 370 1991 insistebat
396 1927 577 2009 lucemque,
602 1926 750 1991 naturale
772 1927 940 2010 solacium,
968 1931 1096 2012 praeter

89 2017 317 2098 tempestatem
351 2013 437 2079 haud
470 2014 630 2097 disparem
664 2014 752 2079 nocti
784 2014 937 2080 silvarum
969 2037 1095 2101 quoque

90 2105 207 2167 umbra
239 2107 470 2186 suppresserat
522 2102 591 2166 Rex
622 2125 705 2168 unus
736 2103 821 2168 tanti
856 2105 935 2169 mali
968 2106 1130 2189 patienss

91 2191 257 2256 circumire
279 2191 414 2277 milites,
441 2191 630 2255 contrahere
652 2190 826 2275 dispersos,
853 2193 1001 2258 adlevare
1023 2215 1095 2278 pro·

92 2283 226 2362 stratos,
249 2279 414 2344 ostendere
437 2279 549 2362 procul
567 2279 732 2344 evolutum
753 2302 791 2344 ex
812 2280 951 2365 tuguriis
971 2281 1095 2346 fumum

92 2367 291 2452 hortarique,
317 2372 355 2433 ut
380 2367 528 2450 proxima
557 2389 701 2453 quaeque
728 2369 868 2453 suffugia
895 2374 1095 2453 occuparent.

91 2455 159 2522 Nec
177 2457 246 2520 ulla
264 2477 315 2521 res
334 2455 439 2540 magis
458 2455 557 2520 saluti
573 2455 645 2540 fuit,
664 2478 759 2540 quem
779 2456 864 2540 quod
880 2457 1096 2540 multiplicato
1116 2468 1148 2516 10

91 2544 202 2609 labore
232 2543 444 2609 sufficientem
471 2543 581 2627 malis,
607 2545 677 2626 quis
698 2544 762 2627 ipsi
785 2547 958 2628 cesserant,
985 2565 1095 2627 regem

49 2629 85 2694 15
95 2631 239 2698 deserere
262 2631 501 2696 erubescebant.
538 2629 689 2697 Ceterum
710 2632 871 2696 efficacior
892 2632 928 2695 in
951 2631 1094 2696 adversis
1114 2643 1146 2692 11

6 2789 7 2796 χ
93 2721 266 2786 necessitas
290 2740 387 2804 quam
410 2720 493 2784 ratio
515 2719 646 2804 frigoris
664 2719 840 2784 remedium
862 2719 994 2786 invenit
1031 2718 1096 2784 Do·

6 2839 7 2856 c
94 2808 193 2873 labris
226 2809 312 2873 enim
344 2808 443 2873 silves
476 2809 617 2872 sternere
645 2807 788 2890 adgressi
819 2807 940 2890 passim
967 2824 1096 2873 acervos

94 2900 260 2980 struesque
280 2896 501 2961 accenderunt.
532 2893 718 2960 Continenti
734 2895 881 2960 incendio
901 2897 1148 2961 arderem-12

6 3063 7 3066 Ἴ
93 2985 182 3050 deres
207 2985 328 3049 saltum
350 2988 384 3049 et
404 2985 460 3048 vix
481 2983 566 3047 inter
583 2985 730 3047 flammas
749 2984 931 3068 agminibus
949 2985 1097 3050 relictum

6 3069 8 3144 l
93 3085 207 3139 locum.
252 3073 315 3137 Hic
343 3072 431 3137 calor
458 3072 622 3155 stupentia
648 3073 792 3137 membra
818 3073 992 3138 commovit
1018 3094 1095 3155 pau·

93 3162 247 3246 latimque
266 3160 410 3244 spiritus,
428 3181 522 3245 quem
536 3160 739 3224 continuerat
755 3160 851 3245 rigor,
870 3182 976 3226 meare
995 3160 1097 3224 libere

6 3275 7 3326 i
94 3250 207 3335 coepit
257 3249 421 3333 Excepere
454 3248 536 3312 alios
566 3252 653 3312 tecta
684 3248 909 3333 barbarorum,
945 3269 1027 3333 quas
1063 3249 1098 3313 in
1117 3259 1149 3307 1³

6 3335 7 3366 ³
94 3339 208 3403 ultimo
239 3339 325 3402 saltu
356 3337 468 3403 abdita
498 3336 673 3400 necessitas
709 3337 978 3423 investigaverat:
1014 3336 1097 3401 alios

6 3369 8 3492 i
95 3431 213 3511 castra,
241 3447 323 3511 quae
350 3425 386 3489 in
406 3423 537 3489 humido
562 3424 702 3508 quidem,
730 3425 785 3490 sed
811 3426 875 3490 iem
903 3424 983 3489 caeli
1005 3425 1097 3489 mite·

95 3518 201 3580 scente
229 3513 364 3579 saevitia
390 3513 585 3577 locaverunt.
627 3511 699 3576 Duo
725 3513 816 3579 milia
839 3513 977 3577 militum
1001 3515 1098 3595 atque

95 3601 231 3668 lixarum
249 3602 459 3688 calonumque
481 3600 582 3683 pestis
606 3600 664 3665 illa
683 3601 888 3685 consumpsit
923 3598 1097 3665 Memoriae
1117 3608 1151 3656 14

885 3702 938 3756 13⁸
