2552 4108
331 841 378 942 Q.
409 842 600 928 OURTI
626 841 780 928 RUFI

432 997 684 1053 HISTORIARUM

15 1215 17 1220 ,
143 1137 653 1238 ALEXANDRI
693 1139 972 1238 MAGNI

391 1309 718 1377 nicanoris

470 1485 580 1542 LIBER
596 1487 644 1542 111.

494 1645 571 1712 One.
594 1648 620 1713 Ι.

28 1837 41 1901 1
140 1835 232 1904 Inter
257 1839 334 1904 haec
361 1838 544 1904 Alexander·
570 1840 610 1905 ad
638 1841 875 1906 conducendum
903 1861 942 1904 ex
968 1838 1091 1912 Pelo-1

58 1943 196 2005 ponneso
226 1928 360 1992 militem
384 1925 540 1992 Cleandro
568 1950 640 1992 cum
662 1929 796 2012 pecunia
823 1929 921 1993 misso
944 1927 1059 2011 Lyciae

58 2008 325 2100 Pamphyliaeque
356 2017 451 2080 rebus
483 2017 657 2099 conpositis
690 2017 730 2080 ad
760 2017 871 2081 urbem
904 2015 1058 2081 Celaenas

59 2103 226 2167 exercitum
254 2104 403 2168 admovit.
441 2103 549 2168 Media
571 2105 627 2168 illa
648 2109 838 2188 tempestate
861 2106 989 2170 moenia
1011 2106 1058 2168 in·
1077 2127 1093 2175 2

59 2189 224 2255 terfluebat
244 2190 387 2275 Marsyas
411 2193 527 2277 amnis,
554 2192 707 2258 fabulosis
731 2191 923 2258 Graecorum
947 2193 1058 2257 carmi-

58 2277 147 2342 nibus
169 2280 309 2344 inclitus.
344 2279 430 2345 Fons
454 2281 520 2345 eius
543 2303 582 2344 ex
604 2303 728 2346 summo
752 2282 871 2346 montis
894 2282 1058 2345 cacumine
1077 2305 1093 2351 3

59 2382 223 2431 excurrens
246 2367 281 2431 in
299 2368 473 2432 subiectam
486 2372 610 2452 petram
623 2390 741 2453 magno
756 2370 891 2452 strepitu
906 2391 1059 2452 aquarum

59 2453 152 2518 cadit:
175 2455 252 2519 inde
275 2456 406 2520 diffusus
425 2458 642 2521 circumiectos
660 2458 746 2542 rigat
759 2478 897 2540 campos,
920 2456 1058 2540 liquidus

59 2543 89 2602 et
118 2563 193 2608 suas
227 2544 391 2608 dumtaxat
419 2544 521 2608 undas
551 2545 691 2610 trahens.
734 2544 847 2629 Itaque
876 2544 963 2607 color
991 2545 1095 2613 einsr

57 2628 179 2709 placido
207 2632 289 2695 mari
316 2633 429 2696 similis
455 2634 561 2697 locum
587 2637 754 2716 poetarum
781 2631 946 2696 mendacio
969 2631 1058 2696 fecit:

59 2716 173 2802 quippe
205 2720 358 2784 deditum
390 2724 439 2784 est
464 2721 622 2804 nymphas
651 2741 758 2785 amore
788 2719 891 2783 amnis
918 2723 1058 2784 retentas

58 2803 167 2870 inille
189 2829 268 2890 rupe
290 2808 463 2873 considere.
500 2807 646 2874 Ceterum
670 2807 821 2892 quamdiu
842 2808 928 2871 intra
950 2829 1094 2878 murosc

58 2889 133 2976 fluit,
155 2917 275 2960 nomen
298 2918 390 2961 suum
411 2897 539 2960 retinet:
562 2899 596 2959 at
615 2918 687 2960 cum
706 2899 795 2959 extra
813 2896 1011 2960 munimenta
1026 2917 1059 2960 se

59 2982 182 3067 evolvit,
208 2984 327 3063 maiore
348 2985 381 3049 vi
403 3006 440 3049 ac
462 2985 545 3049 mole
569 2988 716 3069 agentem
738 2983 840 3048 undas
863 2983 982 3067 Lycum
1005 3005 1059 3066 ap-

59 3069 187 3148 pellant
231 3070 412 3136 Alexander
439 3072 565 3156 quidem
588 3073 699 3135 urbem
722 3072 907 3136 destitutam
930 3072 970 3135 ab
994 3072 1094 3142 suisa

58 3154 169 3242 intrat,
201 3181 305 3224 arcem
332 3182 421 3245 vero,
447 3161 481 3224 in
505 3181 599 3244 quam
623 3160 846 3246 confugerant,
874 3180 1059 3243 oppugnare

60 3244 189 3312 adortus
221 3248 461 3314 caduceatorem
491 3248 669 3332 praemisit,
699 3249 753 3332 qui
781 3249 995 3328 denuntiaret,
1025 3247 1060 3310 ni

61 3329 219 3417 dederent,
239 3336 327 3419 ipsos
350 3337 463 3401 ultima
478 3357 548 3400 esse
561 3358 720 3418 passuros.
755 3336 807 3400 Illi
821 3335 1059 3400 caduceatorem
1079 3355 1094 3404 7

60 3417 91 3482 in
111 3425 233 3488 turrem
257 3427 288 3487 et
311 3425 374 3489 situ
397 3428 429 3488 et
451 3445 544 3507 opere
566 3425 701 3488 multum
724 3425 841 3488 editam
864 3424 1059 3507 perductum,

60 3514 177 3590 quanta
202 3515 285 3576 esset
308 3512 452 3597 altitudo,
473 3512 590 3576 intueri
612 3513 724 3576 iubent
746 3535 783 3577 ac
800 3513 947 3576 nuntiare
982 3514 1057 3581 Ale-

60 3596 264 3679 xandro,non
277 3601 388 3665 eadem
403 3601 509 3684 ipsum
529 3603 561 3663 et
578 3600 699 3665 incolas
718 3600 938 3664 aestimatione
956 3599 1057 3662 muni-

110 3709 204 3753 omnus
217 3713 296 3754 Rufus.
884 3708 898 3755 1
