2552 4108
254 225 508 282 msronmaum
526 225 741 280 memnoni
758 225 810 295 iv,
829 232 853 280 s.
1014 225 1056 288 39

35 371 202 454 pontibus
229 369 352 454 stratis,
379 369 433 453 qui
456 370 590 433 militem
612 370 820 453 sustinerent,
846 370 1057 453 inpleverant.

37 457 90 523 Sic
123 460 309 522 instructas
341 458 555 542 quadriremes
587 458 627 522 ad
656 458 768 522 urbem
797 458 950 543 agebant:
981 458 1057 522 inde

38 548 181 612 missilia
200 547 240 609 in
257 549 499 631 propugnantes
517 547 746 630 ingerebantur
760 550 841 630 tuto,
864 547 939 631 quia
952 547 1056 630 proris

39 637 134 700 miles
158 635 344 718 tegebatur.
388 632 494 698 Media
516 656 580 698 nox
603 639 680 718 erat,
703 656 775 699 cum
797 635 940 717 classem,
963 635 1058 699 sicuti
1077 656 1112 704 16

41 723 166 788 dietum
197 726 262 806 est,
293 727 438 806 paratam
467 722 630 787 circumire
653 743 761 788 muros
783 723 880 787 iubet.
924 722 1056 806 Iamque

41 833 142 876 naves
163 811 243 876 urbi
258 811 399 896 undique
413 811 672 892 admovebantur,
691 814 724 875 et
735 811 823 893 Tyrii
837 811 1057 895 desperatione

42 901 235 984 torpebant,
257 921 330 964 cum
354 900 459 964 subito
478 899 600 982 spissae
618 898 719 963 nubes
732 899 898 964 intendere
912 921 946 964 se
960 900 1057 983 caelo,

43 992 87 1071 et,
121 988 286 1073 quidquid
312 988 392 1052 lucis
421 987 641 1071 intemitebat,
674 987 777 1053 offusa
799 989 934 1072 ealigine
958 989 1058 1052 extin-

45 1080 133 1140 ctum
167 1079 231 1141 est.
281 1073 362 1139 Tum
393 1075 614 1140 inhorrescens
646 1097 733 1140 mare
763 1077 920 1159 paulatim
949 1076 1058 1159 levari,
1078 1096 1110 1144 1⁷

44 1163 161 1228 deinde
191 1164 317 1228 acriore
342 1167 438 1227 vento
462 1163 656 1228 concitatum
679 1164 793 1228 fluctus
816 1164 898 1229 ciere
921 1168 954 1228 et
975 1165 1060 1228 inter

47 1273 78 1315 se
99 1252 240 1338 navigia
258 1252 425 1316 conlidere.
459 1250 592 1336 Iamque
610 1251 712 1315 scindi
731 1256 906 1334 coeperunt
921 1253 1058 1335 vincula,

46 1341 164 1422 quibus
194 1361 337 1404 conexae
365 1340 580 1424 quadriremes
608 1344 712 1424 erant,
740 1361 831 1404 ruere
859 1340 1004 1406 tabulata
1027 1344 1060 1404 et

47 1447 121 1492 cum
144 1427 280 1513 ingenti
301 1427 429 1512 fragore
450 1429 486 1492 in
508 1428 702 1512 profundum
725 1449 832 1493 secum
854 1428 972 1493 milites
995 1432 1058 1491 tra·

46 1514 130 1580 here.
178 1515 296 1599 Neque
324 1517 408 1580 enim
430 1520 578 1582 conserta
603 1517 735 1602 navigia
756 1518 822 1581 ulla
849 1537 908 1600 ope
934 1516 971 1579 in
992 1519 1058 1579 tur·
1079 1536 1112 1584 rs

47 1603 121 1668 bido
145 1605 221 1690 regi
245 1607 408 1687 poterant:
433 1606 525 1668 miles
546 1605 724 1669 ministeria
744 1608 930 1686 nautarum,
952 1624 1061 1667 remex

49 1692 160 1756 militis
186 1691 297 1758 officia
318 1693 479 1776 turbabat,
503 1697 543 1777 et,
566 1693 651 1776 quod
672 1693 708 1757 in
729 1693 885 1758 eiusmodi
908 1713 985 1756 casu
1008 1713 1059 1756 ac-

50 1779 139 1863 cidit,
176 1780 277 1864 periti
310 1781 432 1865 ignaris
464 1781 633 1864 parebant:
678 1781 795 1866 quippe
828 1781 1059 1866 gubernatores

51 1867 129 1932 alias
159 1869 322 1953 imperare
351 1869 437 1932 soliti
463 1873 533 1932 tum
560 1871 648 1932 metu
674 1870 786 1933 mortis
813 1869 901 1933 iussa
928 1889 1060 1952 exeque-

51 1953 177 2020 bantur.
226 1956 371 2020 Tandem
393 1957 489 2022 remis
511 1957 706 2039 pertinacius
730 1957 949 2020 everberatum
972 1977 1059 2020 mare

53 2043 150 2108 veluti
172 2045 386 2128 eripientibus
407 2045 539 2128 navigia
561 2045 700 2110 classicis
723 2045 831 2128 cessit,
863 2045 1060 2130 adpulsaque

54 2134 128 2194 sunt
148 2133 241 2198 litori
263 2134 402 2196 lacerata
425 2133 583 2216 pleraque.
1171 2128 1174 2134 ’

137 2218 250 2285 ladem
279 2221 363 2285 forte
392 2221 503 2286 dicbus
527 2219 841 2305 Carthaginiensium
867 2222 968 2306 legati
989 2239 1061 2284 xxx
1081 2240 1113 2289 19

55 2309 295 2392 superveniunt,
317 2309 421 2394 magis
444 2309 583 2373 obsessis
606 2310 760 2374 solacium
778 2331 874 2392 quarn
893 2309 1060 2372 auxilium:

57 2393 169 2478 quippe
199 2397 376 2461 domestico
408 2397 492 2462 bello
520 2396 645 2462 Poenos
676 2397 813 2480 inpediri
845 2419 903 2460 nec
935 2397 973 2461 de
1001 2397 1060 2460 im-

56 2482 150 2565 perio,
173 2485 232 2549 sed
255 2506 313 2568 pro
338 2486 439 2549 salute
463 2484 612 2549 dimicare
634 2486 837 2549 nuntiabant.
868 2483 1060 2568 Syracusani
1079 2505 1113 2554 20

56 2569 123 2632 tum
136 2570 284 2637 Africam
305 2573 443 2636 urebant
463 2576 496 2636 et
512 2573 599 2637 haud
616 2575 728 2656 procul
742 2570 946 2656 Carthaginis
961 2571 1061 2635 muris

57 2652 243 2724 locaverant
270 2665 383 2726 castra.
426 2659 503 2726 Non
529 2664 638 2725 tamen
661 2662 803 2726 defecere
827 2660 941 2723 animis
964 2659 1061 2744 Tyrii,

58 2762 257 2919 ltetgt?
266 2749 465 2901 stlat}
478 2747 1061 2922 tilfizllhsshtldtfflust

58 2916 132 3001 tius,
169 2924 326 3009 quidquid
360 2925 530 3008 accideret,
566 2927 675 3009 laturi,
712 2925 739 2988 si
777 2886 975 2989 carissimarir
1012 2925 1061 2988 sui

60 3010 179 3082 partem
217 3019 307 3076 extra
340 3017 458 3077 sortem
491 3014 624 3095 periculi
657 3013 834 3077 communis
864 3012 1060 3077 habuissent.

61 3087 199 3180 Cumque
222 3122 305 3164 unus
328 3122 345 3164 e
364 3101 485 3165 civibus
502 3103 538 3165 in
554 3101 701 3166 contione
714 3101 895 3184 indicasset,
919 3102 1061 3166 oblatam
1079 3121 1113 3170 21

62 3195 126 3244 esse
148 3207 206 3267 per
229 3209 374 3253 somnum
400 3189 461 3253 sibi
484 3190 622 3273 speciem
640 3189 808 3272 Apollinis,
831 3211 926 3272 quem
946 3190 1061 3253 eximia

62 3266 212 3352 religione
235 3277 387 3360 colerent,
410 3278 522 3341 urbem
545 3277 729 3361 deserentis,
750 3277 929 3361 molemque
952 3299 972 3341 a
993 3277 1061 3340 Ma-

65 3355 231 3428 cedonibus
261 3365 296 3428 in
327 3366 395 3430 salo
427 3366 544 3430 iactam
575 3366 610 3430 in
642 3367 819 3430 silvestrem
847 3366 965 3430 saltum
992 3387 1061 3429 esse

65 3449 228 3515 mutatam:
261 3474 452 3538 quamquam
476 3458 588 3519 auctor
608 3455 687 3519 levis
710 3458 791 3537 erat,
813 3457 922 3517 tamen
945 3453 985 3517 ad
1009 3454 1061 3517 de·
1080 3474 1114 3521 22

66 3525 176 3625 teriora
204 3541 361 3606 credenda
389 3543 484 3624 proni
512 3547 600 3608 metu
627 3565 724 3608 aurea
753 3546 866 3606 catena
893 3541 1061 3606 devinxere

67 3622 263 3694 ⁸1mnlacrum
298 3650 435 3713 araeque
468 3630 628 3716 Herculis,
665 3631 754 3696 cuius
789 3630 915 3694 numini
949 3631 1062 3694 urbem
