2582 4098
279 239 531 296 maronianum
547 241 761 297 stamnum
778 243 816 312 v,
836 250 860 298 1.
878 249 904 299 r.
1047 242 1090 307 85

90 393 172 448 sunt
188 385 273 469 ragis
292 385 431 450 ministri
448 386 606 471 iidemque
624 408 722 471 equos
738 387 920 452 ineuntibus
933 387 1091 470 proelium

85 473 262 537 admovent
287 477 503 558 venantesque
529 475 724 539 comitantur
749 478 782 539 et
803 475 984 560 vigiliarum
1006 475 1091 540 vices

85 566 167 625 ante
183 561 320 626 cubiculi
332 561 418 626 foras
432 566 573 627 servant:
591 583 843 649 magnorumque
857 562 1091 646 praefectorum

90 651 128 712 at
155 648 271 713 ducum
293 649 372 714 haec
393 650 589 714 incrementa
612 659 687 715 sunt
708 655 742 716 et
762 651 951 716 rudimenta.

179 736 283 821 Igitur
316 759 373 802 rex
407 738 474 802 arci
503 736 678 822 Babylonis
710 738 880 824 Agathone
911 738 1090 822 praesidere
1109 759 1142 808 48

85 823 179 888 iusso
202 845 275 888 cum
297 825 510 910 septingentis
532 824 743 892 Macedonum
769 828 983 910 trecentisque
1009 848 1089 891 mer·

87 911 167 976 cade
194 913 358 978 conductis
387 917 564 998 praetores,
600 915 655 998 qui
680 915 803 999 regioni
830 914 1026 998 Babyloniae
1054 935 1091 979 ac

87 996 220 1064 Ciliciae
243 1003 436 1086 praeessent,
457 999 616 1066 Menatem
636 1005 668 1066 at
681 1003 914 1087 Apollodorum
930 1003 1091 1088 relinquit

86 1105 115 1151 11
138 1087 228 1151 milia
253 1088 295 1154 iis
322 1089 461 1153 militum
488 1111 559 1154 cum
582 1090 668 1153 mille
690 1091 820 1155 talentis
844 1089 933 1156 data:
964 1091 1091 1174 utrique

87 1178 311 1260 praeceptum,
350 1179 387 1240 ut
421 1177 455 1241 in
496 1177 749 1261 supplementum
784 1177 903 1243 milites
938 1179 1092 1264 legerant

87 1261 258 1327 Mazaeum
303 1265 506 1350 transfugam
551 1263 697 1349 satrapea
739 1263 939 1349 Babyloniae
984 1267 1091 1350 donat,
1108 1284 1140 1340 44

88 1349 334 1435 Bagophanem,
366 1353 421 1438 qui
453 1373 557 1418 arcem
585 1353 773 1437 tradiderat,
804 1375 838 1418 se
870 1355 960 1439 sequi
987 1355 1090 1438 iussit,

88 1437 244 1503 Armenia
265 1439 432 1525 Mithreni,
464 1439 611 1505 Sardium
636 1441 808 1525 proditori,
837 1441 912 1506 data
939 1445 997 1506 est.
1040 1441 1091 1507 Ex
1109 1459 1140 1510 45

88 1527 226 1609 pecunia
248 1526 360 1592 deinde
381 1526 542 1612 Babylona
563 1529 683 1594 tradita
698 1528 910 1594 Macedonum
932 1530 1091 1613 equitibus

90 1615 219 1678 saxeam
252 1615 373 1680 denarii
404 1617 532 1680 tributi:
567 1618 754 1702 peregrinus
786 1639 881 1703 equas
913 1617 1090 1702 quingenos

89 1702 230 1786 accepit,
276 1703 416 1770 ducenos
459 1704 571 1790 pedes,
615 1706 713 1770 catari
741 1705 935 1789 stipendium
956 1705 1090 1768 ducrum

89 1811 247 1856 mensum.

521 1947 599 2014 Oen.
621 1949 661 2014 Π.

50 2054 74 2118 7
179 2051 240 2118 His
269 2054 317 2118 ita
348 2054 522 2138 conpositis
554 2054 589 2117 in
619 2055 794 2139 regionem,
829 2075 910 2139 quae
942 2058 1124 2138 satrapea1

91 2139 253 2207 Sittacene
275 2145 417 2226 vocatam,
439 2142 594 2226 pervenit:
616 2140 731 2207 fertilis
753 2146 848 2228 terra,
870 2144 962 2228 copia
984 2165 1090 2208 rerum

91 2233 126 2294 et
147 2229 234 2294 omni
256 2233 435 2294 commeatu
458 2230 633 2295 abundans.
670 2231 782 2314 Itaque
805 2231 925 2296 diutius
947 2232 994 2296 ibi
1016 2233 1124 2298 sub-a

91 2317 176 2382 stitit
202 2337 252 2401 ac,
281 2339 322 2381 ne
345 2317 468 2382 desides
492 2318 558 2383 otio
581 2318 785 2383 demitterent
806 2320 943 2402 animos,
969 2319 1089 2384 iudices

91 2403 179 2469 dedit
201 2406 405 2490 praemiaque
426 2407 593 2489 proposuit
614 2407 652 2470 dc
675 2407 792 2471 virtute
813 2407 946 2472 militari
968 2410 1089 2471 certan-

90 2493 178 2558 tibus
213 2514 316 2559 nova:
353 2493 408 2577 qui
439 2493 608 2558 fortissimi
638 2494 769 2558 iudicati
799 2497 919 2577 essent,
955 2493 1124 2577 singulisa

90 2580 229 2646 militum
249 2581 378 2646 milibus
396 2581 574 2665 praefuturi
589 2585 689 2646 arant.
720 2580 918 2647 Obiliarchas
931 2580 1090 2645 vocabant

89 2671 167 2732 tunc
202 2669 340 2752 primum
375 2669 410 2733 in
445 2669 529 2734 hunc
562 2691 729 2734 numerum
762 2669 862 2752 copiis
894 2668 1088 2734 distributis:

89 2778 228 2840 namque
255 2759 350 2822 antea
376 2757 605 2843 quingenariae
629 2758 775 2823 cohortes
798 2756 926 2821 fuerant
946 2756 1089 2822 neofor-

89 2844 236 2908 titudinis
269 2845 412 2928 praemia
448 2849 617 2911 cesserant.
668 2844 787 2929 Ingens
822 2844 960 2909 militum
993 2846 1125 2910 turbat

90 2936 281 2997 convenerat
302 2933 432 3017 egregio
454 2933 648 2997 interfutura
669 2932 845 3016 certamini,
867 2933 958 2997 testis
979 2933 1089 2998 eadam

90 3019 241 3102 cuiusque
267 3019 425 3085 factorum
452 3024 485 3084 et
511 3021 549 3084 da
575 3019 731 3084 iudicibus
753 3020 860 3084 latura
882 3021 1088 3086 sententiamz

90 3108 207 3192 quippe
228 3129 344 3172 verona
368 3129 411 3171 an
431 3107 513 3173 falso
535 3108 639 3172 bonos
663 3108 775 3192 cuique
796 3108 977 3192 haberetur,
999 3109 1089 3194 igno·

88 3196 154 3259 rari
180 3216 246 3260 non
271 3198 406 3280 poterat
450 3194 576 3260 Primus
599 3197 742 3260 omnium
764 3196 891 3260 virtutis
914 3218 1011 3261 causa
1035 3196 1124 3264 dot

87 3285 184 3347 natus
211 3286 260 3348 est
288 3283 453 3348 Atharrias
481 3285 599 3368 senior,
630 3284 685 3368 qui
715 3285 867 3350 omissum
894 3284 977 3368 apud
1000 3284 1089 3349 Hali·

89 3392 264 3436 carnasson
290 3393 310 3435 a
335 3372 514 3436 iunioribus
536 3372 692 3455 proelium
714 3393 797 3437 unus
819 3372 956 3436 maxima
980 3394 1089 3437 accen·

89 3460 191 3523 derat:
213 3459 376 3542 proximus
399 3460 428 3524 ei
441 3459 619 3544 Antigenes
641 3461 728 3525 visus
752 3463 815 3524 est:
837 3461 967 3524 tertium
982 3461 1089 3525 locum

87 3546 232 3610 Philotas
259 3546 410 3631 Augaeus
442 3547 596 3613 obtinuit:
630 3551 762 3632 quartus
789 3546 952 3631 Amyntae
979 3547 1087 3612 datus:

87 3639 163 3720 post
184 3635 243 3699 hos
262 3633 446 3720 Antigonus
470 3639 503 3700 et
524 3636 565 3700 ab
588 3658 625 3700 eo
645 3635 818 3720 Lyncestes
833 3635 991 3718 Amyntas
1014 3635 1088 3700 fuit:
