2582 4098
223 226 478 284 HISTORIARUM
495 226 711 284 ALEXANDRI
728 229 779 300 IV,
800 237 841 286 11.
861 237 902 287 12.
1023 232 1066 296 63

33 375 131 436 tuna
167 369 242 437 est’
286 370 401 458 Legati
425 372 632 456 respondent,
663 395 737 438 cum
758 375 879 439 bellum
900 375 934 439 in
956 377 1064 442 animo
1083 397 1118 446 aa

38 460 99 542 sit,
124 459 235 525 facere
254 481 326 525 eum
346 460 540 545 simpliciter,
563 462 648 546 quod
667 483 722 545 spe
740 464 829 545 pacis
848 484 914 527 non
931 463 1064 530 frustra-

36 551 156 613 retur:
189 549 278 633 ipsos
304 551 426 634 petere,
451 552 488 613 ut
515 571 611 634 quam
637 551 776 634 primum
799 551 1002 617 dimittantur
1024 553 1064 618 ad

37 656 179 721 regem:
212 658 284 701 eum
316 658 442 722 quoque
470 637 590 702 bellum
619 660 732 722 parare
759 639 882 707 debera.
930 639 1062 706 Dimissi

38 725 209 790 nuntiant
232 726 342 790 adesse
364 729 533 790 certamen.

477 882 556 949 (lm.
578 883 650 950 XIL

10 989 31 1054 5
142 989 203 1054 Ille
218 990 345 1074 quidem
358 990 527 1056 confestim
540 990 703 1056 Mazaeum
719 1013 790 1057 cum
803 994 906 1060 tribus
921 995 1063 1080 equitum
1084 1016 1097 1063 1

44 1077 186 1143 milibus
214 1079 254 1143 ad
280 1079 407 1163 itinera,
440 1100 520 1164 quae
546 1079 648 1145 hostis
675 1082 832 1164 petiturus
860 1086 941 1167 arat,
972 1104 1063 1149 oocu-

44 1165 163 1250 panda
189 1168 361 1250 praemisit.
397 1165 578 1232 Alexander
602 1169 728 1252 corpori
749 1169 857 1234 uxoris
880 1171 948 1236 eius
970 1172 1063 1236 iustis
1082 1191 1097 1239 a

45 1254 228 1338 persolutis
251 1256 400 1340 omnique
423 1257 568 1341 graviore
591 1256 745 1321 comitatu
763 1257 849 1322 intra
867 1258 977 1324 eedem
995 1282 1062 1324 mu·

46 1343 200 1408 nimenta
227 1365 299 1408 cum
321 1344 446 1409 modico
468 1344 626 1428 praesidio
648 1345 759 1409 relicto
783 1346 823 1410 ad
844 1347 970 1411 hostem
989 1370 1063 1414 con-

46 1431 171 1496 tendit·
225 1431 269 1496 Iu
308 1431 371 1497 duo
411 1453 531 1497 cornua
570 1433 722 1498 diviserat
760 1434 900 1518 peditem
937 1437 1098 1521 utriquea

47 1520 149 1584 lateri
189 1520 294 1604 equite
335 1521 548 1586 circumdato:
596 1521 814 1605 inpedimenta
850 1522 1064 1608 sequebantur

50 1628 181 1692 agmen.
208 1607 422 1673 Praemissum
436 1609 549 1674 deinde
567 1632 639 1674 cum
653 1611 724 1675 citis
739 1611 897 1695 equitibus
912 1610 1064 1676 Menidan
1082 1631 1099 1678 4

50 1696 146 1760 iubet
172 1698 349 1781 explorare,
377 1697 433 1762 ubi
455 1695 579 1761 Dareus
602 1702 695 1763 esset.
739 1699 784 1763 At
805 1700 873 1783 ille,
901 1720 973 1764 oum
995 1698 1063 1766 Ma-

52 1805 150 1848 zaeus
177 1784 263 1849 haud
289 1785 401 1869 procul
428 1785 636 1869 consedisset,
668 1807 735 1851 non
765 1809 861 1852 ausus
884 1789 969 1852 ultra
990 1809 1062 1870 pro-

53 1871 176 1955 cedere,
198 1873 280 1937 nihil
303 1872 389 1937 aliud
408 1895 503 1958 quam
521 1874 685 1938 fremitum
702 1875 870 1939 hominum
887 1875 1063 1940 hinnitum-

55 1981 119 2044 que
142 1981 294 2045 equorum
317 1961 483 2026 exaudisse
505 1963 642 2026 nuntiat.
675 1962 823 2027 Mazaeus
846 1985 971 2049 quoque
990 1983 1098 2032 con-5

56 2049 174 2131 spectis
200 2050 311 2132 procul
334 2050 587 2134 exploratoribus
609 2050 643 2114 in
666 2054 772 2115 castra
794 2073 828 2116 se
850 2052 982 2137 recepit,
1010 2053 1063 2117 ad-

55 2139 171 2201 ventus
201 2137 344 2202 hostium
373 2139 515 2203 nuntius.
563 2138 668 2223 Igitur
693 2138 830 2224 Dareus,
862 2141 916 2225 qui
946 2142 982 2204 in
1008 2163 1063 2224 pa·

54 2226 198 2290 tentibus
215 2227 335 2309 campis
349 2225 515 2291 decernere
530 2227 670 2312 optabat,
693 2228 810 2292 armari
827 2229 962 2293 militem
975 2229 1064 2293 iubet

57 2314 219 2398 aciemque
251 2314 400 2397 disponit.
457 2315 497 2378 In
530 2316 619 2380 laevo
653 2337 751 2380 comu
777 2315 942 2381 Bactriani
972 2317 1097 2385 ibanta

58 2402 191 2486 equites,
217 2402 305 2466 mille
328 2402 510 2467 admodum:
546 2403 657 2468 Dahae
680 2404 815 2469 totidem
838 2408 871 2469 et
892 2404 1062 2470 Arachosii

59 2488 245 2575 Susianique
268 2493 419 2575 quattuor
440 2492 530 2556 milia
551 2493 730 2576 explebant.
766 2491 835 2557 Hos
859 2495 987 2556 centum
1005 2493 1063 2555 fal-

59 2579 125 2643 cati
162 2600 271 2643 currus
309 2579 530 2663 sequebantur.
588 2580 756 2645 Proximus
797 2579 959 2664 quadrigis
996 2583 1064 2643 erat

58 2667 175 2732 Bessus
212 2689 284 2732 cum
317 2684 379 2731 vm
409 2667 538 2733 milibus
571 2669 725 2752 equitum,
765 2668 843 2731 item
873 2665 1063 2731 Bactrianis.

59 2754 257 2840 Massagetae
294 2755 416 2820 duobus
453 2756 582 2820 milibus
616 2777 733 2841 agmen
765 2755 832 2818 eius
864 2754 1062 2820 claudebant.

60 2843 184 2908 Pedites
210 2844 261 2908 his
288 2843 428 2927 plurium
456 2845 599 2928 gentium
626 2866 694 2908 non
716 2844 881 2927 inmixtos,
910 2843 965 2907 sed
988 2865 1096 2911 suaet

61 2932 687 3105 uiuu⁶ss¹gt3liquutltstu3.
711 2931 1061 3086 tralatu

62 3109 180 3173 cebant.
224 3108 277 3172 Illi
298 3109 443 3191 partibus
467 3109 638 3191 copiarum,
661 3130 803 3172 summae
822 3107 951 3173 Orsines
971 3131 1061 3192 prae·
1081 3130 1097 3177 8

64 3201 142 3280 erat,
171 3218 190 3261 a
221 3199 343 3280 septem
373 3195 479 3260 Persis
512 3196 676 3278 oriundus,
713 3196 753 3261 ad
780 3195 897 3280 Cyrum
929 3218 1062 3281 quoque,

63 3285 291 3350 nobilissimum
314 3305 430 3370 regem,
454 3284 610 3368 originem
634 3285 684 3349 sui
705 3285 853 3348 referens.
888 3283 957 3348 Hos
981 3286 1061 3348 aliae
1081 3305 1096 3351 9

65 3377 185 3460 gentes,
222 3394 263 3436 ne
299 3373 394 3437 sociis
427 3371 553 3457 quidem
586 3373 664 3437 satis
694 3377 803 3456 notae,
839 3373 1061 3457 sequebantur.

65 3461 140 3527 Post
167 3484 245 3546 quas
272 3478 294 3525 1.
323 3460 494 3546 quadrigas
520 3460 696 3526 Phradates
725 3481 843 3545 magno
872 3459 1061 3543 Caspiorum

71 3550 188 3635 agmine
211 3549 426 3614 antecedebat.
466 3548 539 3613 Indi
562 3551 720 3634 ceterique
742 3549 831 3612 rubri
853 3549 950 3612 maris
974 3571 1061 3612 acco-

66 3639 125 3723 lae,
152 3638 280 3702 nomina
307 3637 412 3704 verius
440 3660 535 3722 quam
563 3638 692 3721 auxilia,
723 3642 797 3722 post
824 3658 933 3701 currus
961 3639 1062 3700 erant.
