2552 4108
175 152 217 216 12
542 147 574 215 Q.
592 147 702 204 cunm
719 145 804 201 1111111

172 297 288 362 naoulo
315 316 391 398 ergo
413 317 464 359 me
487 293 624 378 opprimi
645 291 770 376 patiar?
805 291 852 354 At
874 289 973 355 satius
996 291 1046 353 est
1067 287 1184 355 alieno

139 403 224 452 rme
246 385 328 450 mori
355 382 484 467 scelere,
516 404 612 465 quam
637 385 726 446 metu
747 377 878 445 nostro?
922 377 988 443 Diu
1011 377 1118 442 animo
1142 379 1186 442 in

174 474 298 539 diversa
328 475 454 538 versato
485 472 579 555 nulli,
611 470 686 554 quid
717 469 870 551 scriptum
899 470 996 551 esset,
1028 465 1187 531 enuntiat

173 562 403 648 epistolamque
426 560 531 644 sim'llo
554 559 641 622 anuli
664 558 713 622 sui
734 558 878 640 inpresso
896 516 1035 640 pulviiro,
1058 555 1110 619 oui
1125 555 1185 619 in-

138 651 324 733 seubebat,
356 647 497 713 subiecit
548 646 637 711 Inter
667 646 726 710 hes
757 647 829 730 cogi
829 646 967 710 tationes
994 644 1092 708 biduo
1119 644 1184 708 ab·
1198 649 1235 714 15

173 741 301 821 sumpto
327 737 432 801 illuxit
459 758 478 800 a
504 735 626 800 medico
653 733 829 798 destinatus
852 734 931 817 dies,
962 736 995 797 et
1020 733 1075 796 ille
1101 753 1185 798 aum

138 761 333 926 speculos
323 847 358 888 m
380 846 442 909 quo
466 823 730 887 medicamentum
753 823 932 906 dilueret,'
922 844 956 886 m
957 822 1063 886 travit
1104 820 1183 897 Quo

172 914 240 978 viso
262 912 443 977 Alexander
468 914 574 976 levato
602 933 733 996 corpore
764 911 799 975 in
829 873 926 976 cubili
957 911 1128 993 epistolam
1158 933 1184 974 a

172 1000 383 1066 Parmenione
411 1000 543 1066 missam
571 1001 702 1065 sinistra
724 1003 957 1064 manutenens
980 999 1097 1082 eooipit
1119 1020 1182 1082 po-

172 1091 279 1154 eulum
302 1093 333 1153 et
354 1089 463 1153 haurit
484 1089 662 1154 interritus:
685 1092 754 1152 tum
781 1089 949 1171 epistolem
971 1088 1077 1171 legere
1099 1085 1182 1150 Phi-

171 1178 295 1260 lippum
317 1177 406 1242 iubet
427 1199 485 1242 neo
509 1200 528 1241 a
549 1179 640 1242 vultu
661 1177 797 1261 legentis
819 1176 921 1240 movit
943 1176 1061 1259 oculos,
1085 1178 1181 1240 ratus

173 1267 295 1350 eliques
319 1266 530 1331 conscientiae
552 1269 647 1329 notas
670 1265 705 1328 in
726 1266 797 1348 ipso
818 1287 871 1330 ore
889 1285 983 1348 posse
1002 1264 1181 1346 deprehen·

122 1377 154 1426 10
173 1354 255 1418 dere.
298 1353 357 1419 1116
389 1355 526 1438 epistola
556 1354 695 1436 perlecta
722 1354 795 1436 plus
821 1353 1051 1437 indignationis
1079 1373 1181 1436 quam

172 1442 300 1526 pavoris
330 1442 470 1508 ostendit
496 1441 707 1525 proiectisque
734 1442 872 1505 amiculo
899 1445 932 1506 et
956 1441 1071 1505 litteris
1099 1443 1180 1504 ante

172 1533 303 1597 lectum:
336 1529 437 1613 ‘Rex’,
463 1530 580 1613 inquit,
610 1528 747 1612 ‘semper
773 1530 900 1613 quidem
927 1531 1057 1613 spiritus
1084 1551 1179 1593 meus

172 1641 211 1684 ex
233 1624 265 1684 16
288 1619 453 1704 pependit,
481 1617 535 1681 sed
558 1639 643 1682 nuno
665 1639 751 1702 vere,
778 1618 929 1701 arbitror,
956 1640 1046 1683 sacro
1069 1621 1102 1682 et
1125 1639 1180 1682 ve·

121 1731 153 1779 11
171 1708 307 1773 notabili
330 1729 384 1772 ore
407 1712 458 1771 tao
479 1705 627 1770 trahitur.
660 1704 787 1771 Crimen
803 1707 973 1791 parricidii,
996 1707 1081 1791 quod
1095 1707 1180 1772 mihi

173 1798 333 1862 obiectum
361 1797 423 1880 est,
453 1797 510 1858 tua
537 1795 622 1858 selus
650 1794 760 1859 diluet:
793 1799 937 1859 servatus
960 1817 979 1859 a
1001 1816 1052 1858 me
1075 1796 1180 1860 vitem

171 1884 251 1947 mihi
274 1884 406 1948 dederis.
442 1882 506 1949 Oro
530 1904 718 1968 quaesoque,
741 1883 859 1948 omisso
880 1887 968 1947 metu
985 1886 1093 1965 petere
1112 1905 1179 1948 me·

172 1971 388 2035 dieamentum
419 1971 544 2054 oonoipi
576 1972 679 2035 venis:
724 1971 797 2035 laxa
828 1973 989 2054 paulisper
1024 1973 1179 2055 animum,

173 2080 267 2142 quem
290 2059 516 2140 intempestive
538 2059 750 2122 sollieitudine
774 2059 868 2123 amioi
887 2081 964 2124 sane
980 2059 1098 2144 fideles,
1120 2060 1179 2125 sed

172 2146 307 2210 moleste
330 2146 431 2209 seduli
452 2146 593 2211 turbant.
594 2145 605 2174 ’
639 2144 714 2211 Non
735 2168 879 2211 securum
897 2147 991 2212 modo
1014 2148 1093 2213 haee
1106 2169 1179 2232 vox,

175 2235 230 2299 sad
258 2234 355 2297 etiem
382 2234 447 2297 1661
433 2237 502 2297 tum
528 2254 636 2319 regem
664 2257 701 2299 eo
723 2235 852 2318 plenum
875 2237 978 2301 bonae
1001 2237 1069 2319 spei
1091 2236 1179 2302 feeit

122 2322 298 2406 121t:aque
335 2319 381 2386 ‘Si
412 2320 466 2406 di',
501 2323 618 2406 inquit,
650 2321 825 2408 ‘Philippa
855 2324 915 2389 tibi
923 2326 1180 2427 permisissent,

174 2433 236 2495 quo
260 2410 397 2475 maxime
419 2409 515 2475 modo
537 2373 643 2494 vellds,
666 2412 808 2476 animum
825 2413 960 2496 experiri
974 2435 1089 2498 meum,
1111 2413 1178 2478 alio

172 2500 317 2584 profecto
340 2499 502 2584 voluisses,
525 2500 580 2563 sed
603 2503 669 2563 oert
669 2500 749 2584 iore,
774 2523 870 2585 quem
882 2506 1042 2653 texpertus
1065 2523 1113 2587 es,
1134 2523 1179 2566 ne

175 2592 318 2670 optasses
347 2588 482 2672 quidem.
527 2587 597 2651 Heo
624 2587 707 2671 epist
693 2588 759 2652 tola
786 2594 916 2672 accepta
937 2593 1059 2674 tamen,
1092 2590 1180 2675 quod

175 2675 325 2748 dilueres,
351 2676 433 2742 bibi:
466 2680 499 2740 et
524 2697 609 2740 nune
637 2678 727 2741 crede
749 2699 800 2740 me
823 2699 889 2741 non
912 2679 1017 2742 minus
1040 2700 1098 2761 pro
1121 2682 1181 2743 tua

173 2764 236 2827 fide
259 2784 355 2847 quem
377 2786 435 2846 pro
458 2786 530 2829 mea
553 2765 654 2829 salute
678 2787 746 2829 esse
769 2765 960 2829 sollicitum?
1002 2766 1091 2831 Haeo
1114 2767 1180 2831 elo·

123 2874 155 2922 13
175 2855 266 2916 cutus
291 2851 432 2915 dextram
454 2851 602 2936 Philippo
626 2853 726 2917 offert.
758 2851 906 2918 (laterum
928 2857 1020 2918 tante
1043 2855 1090 2919 vis
1113 2864 1232 2928 melfi

174 2939 345 3004 dieamenti
371 2938 446 3023 fuit,
478 2944 527 3024 ut,
559 2963 639 3025 quae
670 2945 778 3005 seouta
805 2945 892 3025 sunt,
924 2942 1180 3008 criminationem

173 3027 396 3092 Parmenionis
420 3026 604 3093 adiuverint
639 3028 834 3094 interclusus
857 3030 986 3112 spiritus
1010 3035 1077 3095 erte
1093 3053 1179 3095 mea·

124 3139 157 3186 14
175 3117 240 3180 bet.
280 3115 348 3180 Neo
370 3114 535 3199 Philippus
559 3117 729 3202 quiequam
752 3119 951 3201 inexpertum
974 3119 1096 3185 omisit:
1125 3121 1180 3184 ille

174 3205 317 3269 fomente
350 3205 475 3287 corpori
507 3203 662 3289 admovit,
695 3207 748 3270 ille
780 3209 960 3289 torpentem
990 3229 1075 3273 nuno
1107 3208 1180 3293 oibi,

125 3314 156 3364 15
174 3315 260 3357 nuno
291 3293 357 3357 vini
385 3293 481 3357 odora
510 3293 684 3362 excitavit..
711 3293 818 3378 Atque
845 3298 881 3358 ut
903 3296 1041 3378 primum
1064 3297 1178 3360 mantis

176 3385 355 3464 compotem
378 3402 447 3445 6666
470 3381 580 3464 sensit,
603 3381 697 3446 modo
717 3383 828 3446 matris
846 3404 1061 3468 sororumque,
1084 3384 1177 3449 modo

175 3474 286 3534 tantae
308 3469 460 3534 victoriae
484 3469 767 3554 adpropinquantis
783 3471 951 3535 admonere
965 3494 1032 3536 non
1047 3472 1178 3537 destitit.

125 3580 157 3628 re
175 3557 222 3623 Ut
242 3580 317 3623 vero
341 3558 607 3622 medicamentum
630 3579 663 3622 se
687 3558 811 3622 diffudit
833 3560 868 3622 in
889 3580 986 3624 venas
1010 3561 1177 3625 etsensim
