2552 4108
227 141 267 206 18
595 139 859 205 acuminum

225 285 281 352 alii
311 305 388 369 prae
419 287 507 348 metu
538 284 708 367 imperium
735 285 846 368 exequi
873 305 940 349 non
966 255 1140 369 audebant,
1174 285 1224 350 alii

223 374 345 437 frustra
367 373 616 458 exequebantur,
641 373 729 456 quia,
750 373 806 437 ubi
826 376 936 456 partes
958 372 1080 457 labant,
1103 395 1224 438 summa

223 462 382 527 turbatur.

643 617 721 686 Gur.
743 619 798 684 IX.

189 746 203 794 1
310 723 406 788 Acies
434 727 541 789 autem
564 724 626 789 hoc
648 724 743 790 modo
767 725 865 790 stetit.
909 723 1116 790 Nabarzanes
1141 727 1252 810 equi-lt

221 815 293 876 tatu
324 807 469 876 dextrum
497 834 596 878 comu
622 812 774 877 tuebatur
803 813 920 878 additis
946 813 1148 878 funditorum
1180 837 1222 879 sa

188 921 203 970 2
222 900 490 985 gittariorumque
513 902 628 986 viginti
645 901 711 965 fere
729 901 868 966 milibus.
902 901 941 965 In
957 900 1069 966 eodem
1082 901 1222 986 Thymo·

223 981 278 1051 des
301 991 380 1073 erat,
403 987 534 1054 Graecis
552 989 712 1072 peditibus
731 990 874 1054 mercede
893 989 1067 1073 conductis,
1088 991 1222 1076 triginta

222 1075 366 1160 milibus,
400 1078 613 1160 praepositus.
669 1077 741 1142 Hoc
777 1081 847 1141 erat
880 1077 968 1142 haud
999 1077 1093 1142 dubie
1127 1079 1223 1143 robur

187 1165 392 1248 uexercitus,
420 1186 480 1248 par
501 1163 725 1230 Macedonicae
751 1165 905 1250 phalangi
932 1165 1026 1230 acies.
1070 1164 1110 1228 In
1132 1167 1222 1232 laevo

223 1272 322 1316 comu
352 1251 570 1318 Aristomedes
602 1254 776 1318 Thessalus
812 1271 859 1318 xx
891 1255 982 1318 melio
1011 1253 1222 1319 barbarorum

221 1339 364 1422 peditum
394 1341 544 1406 habebat.
599 1341 639 1405 In
670 1341 820 1406 subsidiis
851 1341 1106 1426 pugnacissimas
1139 1345 1221 1408 loca

187 1433 313 1495 tuerat
338 1433 459 1514 gentes.
503 1429 614 1513 Ipsum
640 1450 749 1513 regem
774 1430 809 1492 in
835 1429 946 1494 eodem
973 1450 1072 1494 comu
1094 1429 1222 1496 dimica-

221 1519 329 1581 turum
351 1518 414 1582 tria
436 1518 526 1582 milia
548 1517 742 1581 delectorum
757 1518 908 1600 equitum,
931 1517 1064 1582 adsueta
1078 1521 1221 1603 corporis

221 1606 379 1688 custodia,
402 1607 435 1669 et
456 1606 613 1688 pedestris
637 1605 733 1689 acies,
758 1606 971 1690 quadraginta
992 1605 1090 1691 milia,
1113 1629 1221 1692 seque·

186 1693 350 1762 obantur:
377 1691 522 1776 Hyrcani
545 1692 657 1757 deinde
679 1692 826 1778 Medique
848 1695 984 1779 equites:
1011 1694 1062 1757 his
1085 1697 1222 1777 proximi

221 1784 397 1846 ceterarum
419 1781 577 1866 gentium,
606 1781 691 1846 ultra
718 1802 773 1846 eos
801 1781 913 1848 dextra
938 1783 1092 1866 laevaque
1115 1783 1221 1868 dispo-

221 1869 285 1932 siti.
315 1869 387 1935 Hoc
406 1890 530 1955 agmen,
553 1870 637 1934 sicut
653 1869 773 1933 dictum
792 1873 850 1953 est,
872 1870 1065 1934 instructum
1083 1889 1120 1935 vr
1133 1874 1221 1937 ,milia

186 1978 202 2024 e
220 1956 431 2021 iaculatorum
453 1957 710 2042 funditorumque
734 1957 972 2022 antecedebant.
1008 1956 1170 2043 Quidquid
1191 1962 1221 2024 in

220 2043 285 2106 illis
315 2044 472 2128 angustiis
500 2045 581 2108 adiri
607 2049 748 2129 poterat,
778 2045 978 2128 inpleverant
999 2047 1124 2131 copiae,
1157 2071 1221 2114 cor·

219 2151 347 2214 nuaque
368 2130 443 2194 lrinc
466 2131 507 2196 ab
528 2132 618 2216 iugo,
640 2133 728 2198 illinc
751 2134 874 2198 amari
897 2134 1036 2198 stabant.
1080 2133 1221 2202 Uxorem

219 2221 417 2302 matremque
444 2218 529 2304 regis
557 2223 590 2283 et
617 2221 714 2284 alium
735 2221 926 2286 feminarum
948 2241 1079 2306 gregem
1101 2224 1137 2288 in
1160 2246 1221 2288 me

221 2303 308 2369 dium
331 2326 447 2390 agmen
469 2310 666 2390 acceperant.

185 2414 200 2462 7
308 2394 489 2459 Alexander
510 2395 712 2482 phalangem,
735 2418 798 2481 qua
819 2397 901 2464 nihil
924 2396 1009 2480 apud
1025 2397 1220 2466 Macedonas
1228 2397 1252 2463 ll

219 2481 354 2547 validius
386 2487 468 2567 erat,
502 2484 536 2548 in
567 2484 673 2549 fronte
705 2486 880 2551 constituit.
932 2484 1091 2551 Dextrum
1122 2509 1222 2554 cornu

217 2568 374 2656 Nicanor,
404 2572 623 2637 Parmenionis
650 2573 747 2658 filius,
779 2574 945 2638 tuebatur:
980 2573 1056 2639 huic
1083 2578 1222 2658 proximi

220 2660 349 2724 stabant
366 2657 491 2725 Coenos
515 2663 548 2724 et
565 2659 731 2726 Perdiccas
750 2664 783 2724 et
795 2661 956 2745 Meleager
974 2666 1003 2726 ct
1013 2663 1220 2730 Ptolemaeus

183 2749 252 2816 set
279 2747 453 2834 Amyntas,
485 2749 535 2814 sui
565 2749 697 2832 quisque
729 2750 866 2834 agminis
898 2749 1003 2814 duces.
1050 2750 1090 2814 In
1120 2753 1222 2837 laevo,

219 2833 304 2917 quod
326 2833 366 2898 ad
387 2857 474 2901 mare
497 2837 687 2921 pertinebat,
710 2835 859 2902 Craterus
883 2840 915 2901 et
927 2837 1098 2904 Parmenio
1121 2847 1221 2925 erant,

219 2921 275 2986 sed
302 2919 452 2988 Craterus
473 2925 682 3006 ,Parmenioni
714 2947 825 3008 parere
851 2926 967 2990 iussus.
1016 2926 1150 3010 Equites
1183 2931 1221 2995 ab

217 3013 353 3093 utroque
374 3031 471 3075 cornu
484 3011 596 3078 locati:
620 3012 765 3078 dextrum
778 3012 968 3078 Macedones
983 3015 1146 3080 Thessalis
1169 3018 1221 3082 ad·

182 3097 331 3182 eiuncti,
366 3098 492 3162 laevum
522 3100 749 3184 Peloponnesii
779 3103 960 3166 tuebantur.
1017 3103 1104 3168 Ante
1135 3104 1221 3171 hanc

217 3186 319 3250 aciem
345 3189 497 3269 posuerat
523 3187 720 3257 funditorum
746 3211 877 3254 manum
900 3191 1076 3275 sagittariis
1099 3192 1220 3258 admix-

217 3273 269 3336 tis.
314 3273 453 3338 Thraces
481 3296 605 3359 quoque
632 3281 664 3341 et
687 3276 853 3343 Cretenses
880 3282 955 3343 ante
982 3300 1098 3364 agmen
1120 3281 1221 3364 ibant,

164 3383 199 3431 ιο
218 3365 251 3425 et
271 3361 334 3445 ipsi
357 3362 469 3428 leviter
491 3364 616 3428 armati.
653 3363 697 3428 At
718 3365 768 3451 iis,
791 3366 846 3451 qui
868 3367 1037 3450 praemissi
1057 3369 1097 3433 ab
1111 3367 1219 3435 Dareo

215 3449 327 3533 iugum
366 3450 487 3516 montis
529 3451 732 3537 insederant,
784 3453 945 3538 Agrianos
991 3457 1142 3540 opposuit
1184 3480 1220 3522 ex

216 3536 353 3604 Thracia
374 3561 477 3624 nuper
499 3540 656 3606 advectos.
695 3542 900 3608 Parmenioni
923 3545 1029 3608 autem
1051 3566 1218 3631 praecepe-
