2552 4108
219 201 475 258 HISTORIARUM
493 203 709 258 ALEXANDRI
726 203 779 272 Ill,
798 207 876 258 3-5.
1036 204 1056 267 9

47 343 113 408 eius
137 345 259 410 crebris
282 346 554 432 distinguentibus
572 348 664 412 rivis:
686 346 842 430 Pyramus
864 349 896 410 et
914 345 1056 430 Cydnus,

46 430 148 496 inoliti
172 455 294 518 amnes,
316 435 428 500 fluunt.
459 434 588 519 Cydnus
607 457 673 500 non
692 437 796 518 spatio
816 457 978 519 aquarum,
1002 437 1057 500 sed

46 519 168 604 liquore
194 523 425 607 memorabilis,
452 525 569 608 quippe
590 524 655 588 leni
677 527 783 588 tractu
806 545 822 588 e
845 523 988 588 fontibus
1011 525 1057 588 la-

46 607 124 671 bens
148 631 232 691 puro
255 612 323 675 solo
347 612 502 695 excipitur
523 633 582 676 nec
605 615 764 677 torrentes
792 611 971 694 incurrunt,
1001 613 1056 695 qui

46 695 169 777 placide
198 699 362 763 manantis
385 700 511 764 alveum
534 701 671 764 turbent
715 699 829 785 Itaque
851 700 1091 782 incorruptuss

46 782 194 869 idemque
223 786 463 871 frigidissimus,
490 790 607 873 quippe
630 789 731 852 multa
753 788 894 871 riparum
917 789 1056 852 amoeni-

47 873 112 936 tate
134 873 352 953 inumbratus,
380 876 497 961 ubique
520 877 663 941 fontibus
687 876 752 941 suis
776 876 889 941 similis
912 877 947 939 in
969 898 1056 940 mare

48 959 160 1026 evadit
203 961 310 1026 Multa
336 963 372 1027 in
393 984 431 1027 ea
452 964 583 1049 regione
606 967 814 1029 monumenta
836 963 968 1048 vulgata
990 985 1110 1034 car-10

49 1046 188 1114 minibus
212 1052 356 1115 vetustas
378 1051 533 1117 exederat
572 1051 838 1117 Monstrabantur
859 1052 986 1116 urbium
1010 1075 1057 1117 se-

51 1132 102 1198 des
128 1135 283 1219 Lyrnessi
311 1143 343 1203 et
364 1139 504 1224 Thebes,
533 1140 698 1224 Typhonis
727 1161 852 1224 quoque
883 1161 997 1223 specus
1025 1143 1058 1205 et

50 1218 216 1305 Corycium
243 1247 369 1312 nemus,
401 1228 457 1292 ubi
480 1250 607 1294 crocum
630 1228 787 1313 gignitur,
814 1231 995 1313 ceteraque,
1022 1229 1057 1292 in

51 1311 163 1392 quibus
187 1313 271 1378 nihil
293 1318 420 1398 praeter
442 1316 561 1381 famam
584 1317 763 1381 duraverat

12 1393 41 1459 ll
134 1399 318 1466 Alexander
353 1403 461 1469 fauces
497 1405 578 1489 iugi,
611 1426 691 1489 quae
722 1402 819 1488 Pylae
847 1404 1056 1488 appellantur,
1076 1424 1108 1473 11

51 1484 189 1554 intravit
223 1488 467 1575 Contemplatus
489 1492 632 1557 locorum
651 1493 749 1557 situm
771 1514 837 1557 non
856 1493 935 1556 alias
954 1493 1057 1576 magis

53 1571 163 1640 dicitur
186 1577 363 1643 admiratus
387 1601 456 1644 esse
479 1580 664 1646 felicitatem
683 1603 786 1644 suam:
810 1581 902 1645 obrui
915 1581 1057 1663 potuisse

53 1661 100 1724 vel
130 1665 217 1730 saxis
251 1667 476 1752 confitebatur,
508 1670 536 1732 si
566 1669 703 1733 fuissent
733 1669 788 1753 qui
818 1670 855 1733 ia
884 1668 1056 1732 subeuntes

53 1752 310 1906 varsula
425 1757 1056 1908 aaversaremur
1078 1770 1109 1820 ¹²

205 1864 239 1905 m
311 1866 327 1907 s
359 1865 436 1906 1mm
513 1866 532 1907 a
577 1866 630 1908 vra

56 1924 106 1987 sed
131 1928 319 2012 plerumque
345 1934 548 2015 praeruptae,
580 1932 699 1996 crebris
727 1863 949 1996 oberrdntibus
972 1893 1058 2014 rivis:

58 2012 107 2093 qui
128 2036 166 2078 ex
187 2017 349 2082 radicibus
372 2020 530 2083 montium
550 2022 693 2083 manant.
729 2018 870 2084 Thracas
888 2022 998 2083 tamen
1014 2020 1057 2084 le·
1077 2039 1110 2090 1³

57 2098 133 2165 viter
153 2108 296 2170 armatos
317 2106 504 2189 praecedere
522 2107 660 2172 iusserat
678 2108 875 2192 scrutarique
889 2108 995 2191 ealles,
1017 2129 1058 2172 ne

59 2189 193 2256 occultus
216 2193 320 2258 hostis
342 2195 377 2257 in
400 2195 570 2260 subeuntes
589 2199 777 2279 erumperet
812 2194 1058 2280 Sagittariorum
1160 2214 1166 2226 ·

60 2292 177 2361 quoque
199 2303 315 2345 manus
338 2287 548 2368 occupaverat
569 2284 694 2368 iugum:
724 2284 864 2348 intentos
887 2305 979 2348 arcus
1001 2284 1058 2347 ha-

59 2359 177 2430 bebant
203 2369 332 2452 moniti,
368 2392 436 2436 non
466 2371 528 2436 iter
558 2371 645 2455 ipsos
677 2371 771 2454 inire,
807 2372 862 2436 sed
892 2371 1058 2455 proelium.

60 2445 124 2516 Hoc
144 2456 249 2542 modo,
264 2479 381 2542 agmen
402 2460 549 2542 pervenit
571 2460 611 2523 ad
630 2460 741 2523 urbem
759 2459 892 2542 Tarson,
915 2460 967 2524 cui
988 2462 1058 2522 tum
1078 2478 1111 2527 14

60 2540 188 2607 maxime
210 2543 328 2609 Persae
355 2546 553 2612 subiciebant
578 2548 700 2631 ignem,
730 2568 771 2610 na
794 2547 981 2629 opulentum
1003 2567 1058 2628 op·

61 2623 162 2704 pidum
187 2632 291 2698 hostis
318 2633 492 2699 invaderet.
535 2633 582 2698 At
603 2636 657 2698 ille
679 2634 890 2698 Parmenione
914 2633 954 2697 ad
976 2632 1057 2697 inhi-
1079 2654 1111 2702 15

61 2709 193 2782 bendum
232 2720 416 2785 incendium
452 2744 524 2786 cum
561 2722 707 2805 expedita
742 2742 838 2784 manu
874 2722 1059 2804 praemisso,

62 2805 226 2888 postquam
251 2809 405 2874 barbaros
433 2810 570 2875 adventu
598 2831 728 2875 suorum
755 2808 883 2893 fugatos
911 2830 980 2875 esse
1008 2830 1059 2875 co·

64 2893 179 2977 movit,
200 2896 312 2961 urbem
335 2919 355 2961 e
378 2918 412 2962 se
435 2901 656 2963 conservatam
678 2897 788 2960 intrat

348 3025 351 3034 ’
486 3053 564 3121 Car.
588 3054 628 3120 V.

30 3140 59 3204 ¹2
143 3154 280 3224 Mediam
299 3158 429 3244 Cydnus
452 3161 565 3239 amnis,
588 3160 626 3223 de
649 3181 712 3245 quo
730 3162 827 3245 paulo
846 3163 920 3225 ante
939 3160 1060 3224 dictum
1079 3181 1094 3229 1

68 3240 120 3336 etl,
147 3244 310 3312 interfluit.
353 3247 399 3312 Et
423 3251 500 3312 tunc
523 3251 627 3312 aestas
651 3253 731 3330 erat,
763 3250 852 3315 ouius
881 3249 968 3313 calor
994 3270 1061 3312 non

68 3322 153 3393 eham
174 3336 276 3420 magis
298 3359 395 3420 quam
409 3334 537 3402 Ciliciae
560 3358 649 3401 oram
671 3359 790 3420 vapore
811 3337 887 3401 solis
907 3337 1060 3418 accendit,

69 3412 96 3509 tl
119 3415 177 3484 diei
202 3423 448 3494 fervidissimum
475 3427 601 3507 tempus
629 3447 698 3489 esse
726 3428 882 3508 coeperat.
926 3423 1094 3498 Pulverea

71 3505 153 3598 Qu]
179 3531 214 3575 ae
244 3512 358 3576 sudore
385 3511 549 3595 perfusum
577 3533 685 3598 regem
707 3513 854 3577 invitavit
876 3512 982 3596 liquor
1003 3511 1059 3574 fiu-

70 3591 162 3676 mlnis,
183 3601 219 3662 ut
241 3601 378 3664 calidum
401 3600 504 3664 adhuc
525 3621 639 3687 corpus
658 3601 809 3665 ablueret.
844 3598 958 3684 Itaque
972 3602 1059 3663 veste
