2602 4094
206 152 272 217 278
579 151 610 218 Q.
630 151 740 208 CURTI
757 153 844 208 RUFI

625 365 703 432 Cre.
726 367 799 432 VII.

174 483 189 536 1
295 473 429 560 Iamque
446 477 646 539 armatorum
664 474 748 538 circa
765 472 967 560 Meleagrum
980 475 1131 560 frequens
1144 475 1210 560 glo·
1221 475 1258 538 22

207 562 269 628 bus
296 567 366 628 erat
387 563 422 628 in
448 562 638 628 seditionem
663 584 700 627 ac
722 562 916 628 discordiam
938 585 1033 629 versa
1056 564 1213 646 contione,

209 673 280 716 oum
308 651 439 735 quidam
466 650 628 736 plerisque
655 649 867 716 Macedonum
889 651 1020 736 ignotus
1044 673 1084 717 ex
1105 653 1214 716 infima

173 740 315 824 aplebe,
344 738 439 815 ‘Quid
463 760 544 823 opus
572 738 646 823 est,'
673 739 792 822 inquit,
818 739 929 805 ‘armis
951 735 1103 825 civilique
1127 741 1214 805 bello

207 827 403 892 habentibus
428 846 553 912 regem,
580 849 674 911 quem
698 827 874 912 quaeritis?
901 828 1115 912 Arrhidaeus,
1139 827 1214 893 Phi·

207 915 296 999 lippo
315 917 458 1000 genitae,
479 915 655 981 Alexandri
672 916 771 1002 paulo
791 919 865 980 aute
881 919 968 1002 regis
981 917 1093 1000 frater,
1112 939 1214 984 sacro·
1274 985 1277 994 ,

206 1026 280 1068 rum
299 1005 626 1088 caerimoniarumque
642 1026 775 1070 consors
788 1005 894 1088 modo,
911 1027 997 1070 nunc
1010 1006 1101 1072 solus
1114 1005 1214 1088 heres,

207 1093 401 1176 praeteritur
428 1093 570 1158 avobis.
620 1091 691 1169 Quo
723 1115 781 1158 suo
812 1095 951 1159 merito?
986 1093 1104 1179 quidve
1130 1094 1216 1179 fecit,

208 1202 264 1246 cur
279 1181 378 1246 etiam
396 1182 542 1265 gentium
555 1181 716 1246 communi
729 1181 798 1246 iure
811 1182 1000 1247 fraudetur?
1028 1180 1065 1248 Si
1078 1182 1215 1248 Alexan·

208 1269 265 1335 dro
294 1270 433 1334 similem
456 1269 624 1354 quaeritis,
649 1291 824 1353 numquam
847 1271 1029 1354 reperietis,
1056 1272 1085 1335 si
1109 1273 1216 1354 proxi-

173 1369 189 1416 3
207 1381 306 1443 mum,
323 1357 375 1423 hio
393 1357 481 1424 solus
495 1357 565 1422 est?
601 1357 661 1422 His
675 1358 793 1423 auditis
809 1360 917 1424 contio
930 1361 1036 1442 primo
1051 1360 1215 1424 silentium

207 1447 295 1512 velut
320 1447 409 1511 iussa
434 1445 562 1511 habuit:
594 1447 797 1512 conclamant
819 1446 932 1512 deinde
959 1450 1081 1531 pariter
1104 1448 1216 1513 Arrhi-

208 1535 322 1601 daeum
344 1534 522 1600 vocandum
547 1556 616 1600 esse
634 1539 834 1620 mortemque
852 1536 996 1620 meritos,
1020 1536 1075 1620 qui
1094 1537 1216 1602 contio-

172 1635 281 1690 4nem
309 1623 378 1688 sine
407 1645 444 1688 eo
470 1623 670 1687 habuissent
718 1623 799 1687 Tum
828 1623 949 1689 Pithon
976 1625 1091 1708 plenus
1122 1625 1216 1689 lacri-

208 1734 334 1778 marum
357 1711 480 1777 orditur
503 1710 619 1794 dicere,
643 1711 738 1776 ‘nuno
760 1712 813 1777 vel
835 1713 974 1777 maxime
996 1713 1218 1778 miserabilem

208 1823 278 1866 esse
304 1800 537 1882 Alexandrum,
564 1800 618 1884 qui
645 1803 712 1864 tam
735 1799 892 1865 bonorum
916 1801 1036 1866 civium
1058 1801 1216 1866 militum-

208 1911 269 1976 que
291 1889 400 1954 fruotu
422 1892 456 1958 et
477 1888 661 1972 praesentia
683 1889 850 1953 fraudatus
871 1893 968 1952 esset:
991 1911 1111 1954 nomen
1130 1890 1218 1954 enim

208 1978 459 2061 memoriamque
490 1977 577 2062 regis
609 1978 659 2041 sui
689 1983 816 2042 tantum
848 1979 1011 2042 intuentes
1038 1978 1080 2042 ad
1109 1983 1219 2042 cetera

208 2065 351 2149 caligare
373 2064 454 2150 eos’,
480 2065 567 2129 haud
590 2065 738 2148 ambigue
760 2067 796 2130 ia
817 2067 980 2147 iuvenem,
1002 2065 1054 2130 oui
1079 2087 1218 2151 regnum

176 2164 191 2214 5
211 2153 443 2238 destinabatur,
468 2154 617 2237 ingerens
641 2155 770 2236 probra.
809 2153 898 2229 Quae
917 2154 1087 2238 obiecerat,
1110 2155 1217 2239 magis

209 2242 273 2327 ipsi
300 2241 422 2325 odium,
450 2263 547 2325 quam
569 2240 748 2306 Arrhidaeo
776 2245 997 2325 contemptum
1020 2243 1217 2308 attulerunt:

175 2344 190 2391 6
210 2331 327 2416 quippe
345 2329 421 2395 dum
439 2330 639 2412 miserentur,
658 2331 756 2394 etiam
775 2329 883 2395 favere
901 2334 1084 2414 coeperunt
1109 2330 1219 2415 Igitur

208 2442 275 2486 non
302 2420 400 2485 alium
427 2440 535 2504 regem
564 2439 598 2483 se
625 2441 722 2503 quam
754 2439 839 2497 eum,
867 2419 923 2503 qui
951 2419 991 2482 ad
1017 2419 1102 2484 hanc
1124 2441 1218 2502 spem

209 2510 339 2594 genitus
367 2513 467 2593 esset,
492 2528 643 2592 passuros
669 2507 826 2590 pertinaci
850 2508 1087 2572 adclamatione
1112 2506 1218 2572 decla·

175 2609 190 2658 t
210 2602 284 2664 rant
301 2598 470 2683 vocarique
485 2595 699 2661 Arrhidaeum
718 2595 839 2660 iubent.
871 2593 973 2671 Quem
987 2595 1150 2680 Meleager
1170 2597 1218 2660 in-

208 2687 312 2750 festus
334 2687 519 2770 invisusque
536 2684 707 2749 Perdiccae
725 2687 853 2748 strenue
871 2682 1019 2768 perducit
1036 2685 1072 2748 in
1089 2685 1218 2768 regiam

211 2778 245 2839 et
265 2774 386 2839 milites
407 2774 591 2857 Philippum
615 2772 852 2838 consalutatum
874 2791 984 2856 regem
1008 2772 1184 2856 appellant.

175 2873 191 2922 8
299 2860 448 2928 Ceterum
483 2862 563 2927 haee
600 2861 689 2944 vulgi
725 2863 796 2925 erat
826 2882 902 2945 vox,
938 2861 1117 2945 principum
1150 2862 1219 2925 aha
1228 2860 1267 2924 23

211 2951 381 3018 sententia.
422 2949 452 3015 ll
476 2951 591 3036 quibus
613 2948 735 3013 Pithon
757 2949 928 3013 consilium
950 2947 1120 3014 Perdiccae
1144 2971 1218 3013 exe-

211 3043 265 3125 qui
292 3040 399 3124 coepit
425 3042 613 3122 tutoresque
637 3037 776 3103 destinat
798 3037 866 3102 filio
890 3059 929 3101 ex
949 3036 1082 3102 Roxane
1105 3037 1218 3102 futuro

176 3128 397 3194 9Perdieoam
425 3131 458 3191 et
484 3126 698 3208 Leonnatum,
727 3125 825 3208 stirpe
852 3126 944 3211 regia
970 3127 1107 3209 genitos.
1150 3124 1219 3191 Ad·

211 3219 295 3300 iecit,
318 3217 412 3282 utin
434 3215 565 3299 Europa
589 3215 738 3280 Craterus
763 3219 796 3278 et
818 3213 991 3298 Antipater
1008 3235 1058 3278 res
1082 3213 1219 3278 admini-

212 3309 362 3371 strarent.
397 3305 481 3370 Tum
503 3303 723 3368 iusiurandum
747 3327 766 3368 a
788 3302 923 3387 singulis
951 3308 1107 3383 exactum,
1130 3302 1219 3367 futu-

159 3406 193 3454 10
210 3415 264 3459 ros
283 3397 317 3459 in
335 3397 533 3478 potestatem
550 3393 636 3476 regis
655 3392 756 3477 geniti
774 3390 967 3456 Alexandro.
996 3389 1159 3475 Meleager
1173 3428 1218 3436 -

209 3483 296 3546 haud
327 3483 444 3547 iniuria
469 3484 558 3545 metu
587 3480 735 3563 supplicii
761 3480 895 3544 territus
920 3501 994 3544 cum
1021 3480 1087 3544 suis
1116 3500 1218 3544 seoea·

211 3572 349 3635 serat-
363 3591 475 3633 rursus
488 3567 674 3650 Philippum
687 3567 819 3632 trahens
834 3589 941 3632 secum
955 3567 1078 3652 inrupit
1091 3567 1216 3652 regiam
1284 3609 1285 3630 η
