2582 4098
208 228 270 292 102
576 229 607 296 Q.
627 229 736 286 OURTI
753 229 839 286 RUFI

204 395 264 439 nec
287 378 343 438 aut
364 374 533 440 consilium
556 375 747 459 suppetebat
765 378 820 440 aut
837 397 911 441 vox:
933 395 1007 440 cum
1020 375 1218 460 Artabazus,

204 463 439 528 vetustissimus
471 462 658 547 amicorum,
692 484 785 547 quem
815 463 974 546 hospitem
1005 463 1112 529 fuisse
1145 465 1217 528 Phi-

203 551 284 635 lippi
302 573 397 635 supra
415 550 561 652 diximus,
582 514 913 652 Noive10'‚inq1ut,
932 551 1217 635 pretiosissimam

203 643 326 705 vestem
352 638 456 702 induti
483 639 655 723 armisque,
683 602 802 725 quanio
825 639 963 704 maximo
986 641 1078 705 cultu
1102 662 1217 724 possu-

203 749 287 811 mus,
319 725 466 791 adornati
491 747 601 810 regem
627 727 662 790 ιιι
688 727 789 792 aciem
811 749 990 811 sequemur,
1018 749 1058 792 ea
1082 730 1217 812 quidem

203 818 319 898 mente,
341 816 379 877 ut
395 814 562 878 uictoriam
581 835 751 898 speremus,
769 818 905 881 mortem
921 835 987 881 non
1005 815 1217 882 recusemus?

169 922 185 970 a
204 901 353 965 Adsensu
376 922 525 984 excepere
547 902 643 967 ceteri
664 903 748 968 hanc
769 925 893 988 vocem,
916 903 971 968 sed
992 901 1216 988 Nabarzanes,

204 990 259 1073 qui
280 990 315 1052 in
338 989 449 1053 eodem
471 990 605 1056 consilio
629 995 711 1076 erat,
737 1012 810 1056 cum
832 991 932 1057 Besso
953 991 1093 1056 inauditi
1119 998 1217 1058 antea

203 1076 356 1141 facinoris
375 1078 528 1142 societate
545 1079 628 1143 inita
643 1100 752 1164 regem
770 1101 862 1144 suum
875 1101 934 1163 per
946 1079 1074 1164 milites,
1093 1083 1215 1165 quibus

204 1165 298 1230 ambo
321 1169 499 1251 praeerant,
521 1167 777 1250 conprehendere
800 1170 833 1231 et
854 1167 973 1232 vincire
991 1167 1215 1251 decreverant,

204 1274 241 1317 ea
263 1257 383 1339 mente,
405 1257 455 1338 ut,
427 1253 506 1318 tsi
527 1255 709 1319 Alexander
729 1255 817 1338 ipsos
839 1255 1000 1321 insecutus
1022 1254 1124 1340 foret,
1149 1261 1215 1322 tra-

203 1341 270 1405 dito
292 1362 368 1427 rege
390 1342 463 1407 ιιιο
481 1343 602 1406 inirent
619 1344 756 1427 gratiam
775 1343 912 1428 victoris,
934 1343 1044 1428 magni
1060 1345 1213 1428 profecto

203 1430 325 1513 cepisse
351 1429 491 1495 Dareum
519 1431 731 1514 aestimaturi,
761 1430 811 1495 sin
838 1435 946 1496 autem
973 1452 1044 1496 eum
1068 1432 1215 1519 effugere

202 1518 396 1602 potuissent,
427 1518 596 1583 interfecto
621 1482 731 1584 Dared
758 1539 893 1604 regnum
923 1519 986 1602 ipsi
1014 1525 1214 1603 occuparent

167 1607 383 1692 ebellumque
411 1609 611 1671 renovarent
655 1607 726 1671 Hoc
752 1607 958 1690 parricidium
980 1628 1052 1672 cum
1075 1607 1133 1672 diu
1159 1631 1213 1674 vo

201 1695 369 1778 lutasssnt,
390 1693 596 1759 Nabarzanes
619 1695 741 1759 aditum
756 1695 897 1759 nolanae
916 1695 984 1778 spei
1001 1715 1211 1780 praeparans,

202 1781 290 1848 ‘Seio
322 1781 399 1867 me',
429 1782 547 1868 inquit,
578 1782 783 1847 ‘sententiam
814 1803 883 1847 esse
915 1781 1072 1847 dicturum
1101 1785 1212 1867 prima

201 1871 305 1954 specie
326 1870 574 1955 haudquaquam
596 1871 727 1935 auribus
748 1870 813 1934 tuis
836 1873 970 1956 gratam.
1007 1869 1069 1936 Sed
1092 1873 1211 1936 medici

202 1979 328 2043 quoque
359 1960 523 2042 graviores
552 1959 681 2024 morbos
712 1959 832 2041 asperis
858 1958 1005 2022 remediis
1033 1963 1211 2025 curante

202 2046 410 2129 gubernator,
440 2047 497 2110 ubi
523 2047 728 2132 naufragium
753 2047 859 2130 timet,
888 2047 1025 2128 iactura,
1052 2047 1209 2132 quidquid

167 2132 322 2199 ascrvari
343 2154 385 2214 po
387 2137 466 2216 test,
486 2134 623 2198 redimit
666 2134 739 2219 Ego
761 2095 884 2219 tameh,
905 2154 972 2198 non
994 2096 1032 2198 ιιι
1054 2134 1209 2199 damnum

201 2218 329 2304 quidem
351 2218 464 2303 facias,
487 2219 614 2305 suadeo,
636 2222 691 2286 sed
713 2225 751 2287 ut
770 2225 803 2285 te
827 2243 864 2286 ac
885 2242 1019 2307 regnum
1040 2224 1134 2286 tuum
1157 2245 1208 2287 sa-

200 2307 285 2371 lubri
311 2306 435 2371 ratione
460 2329 638 2372 conserves.
681 2308 740 2373 Dis
768 2308 909 2375 aduersis
936 2310 1087 2374 bellum
1077 2311 1207 2393 mimus,

201 2397 234 2458 et
255 2396 402 2478 pertinax
423 2395 554 2461 fortuna
574 2395 688 2461 Persas
709 2418 823 2481 urgere
844 2418 911 2461 non
933 2397 1059 2462 desinit
1102 2397 1205 2463 Novis

199 2484 301 2548 initiis
329 2487 362 2548 et
384 2484 543 2550 ominibus
567 2506 647 2569 opus
670 2487 727 2550 est.
771 2484 959 2569 Auspicium
982 2486 1046 2550 et
1036 2487 1205 2570 imperium

198 2573 328 2638 interim
357 2573 412 2637 alii
438 2573 543 2657 trade,
574 2573 628 2656 qui
654 2572 777 2638 tamdiu
803 2595 859 2637 rex
886 2573 1076 2657 appelletur,
1106 2573 1204 2638 donec

199 2659 279 2726 Asia
300 2661 433 2726 decedat
452 2662 566 2744 hostis,
587 2662 690 2727 victor
711 2661 824 2726 deinde
846 2680 982 2746 regnum
1003 2662 1065 2726 tibi
1085 2661 1204 2726 reddat

165 2767 181 2814 ⁵
199 2747 271 2812 Hoc
293 2753 402 2814 autem
423 2750 512 2815 brevi
532 2750 678 2814 futurum
699 2751 782 2814 ratic
804 2750 973 2833 promittit
1016 2747 1136 2814 Bactra
1157 2751 1203 2813 in·

199 2839 286 2900 tacta
309 2840 397 2921 sunt,
419 2836 492 2902 Indi
515 2841 547 2902 et
569 2836 668 2903 Sacae
690 2837 725 2902 in
746 2841 804 2901 tua
825 2840 1000 2921 potestate:
1022 2840 1074 2902 tot
1092 2838 1202 2922 populi

199 2926 250 2989 tot
276 2925 444 3008 exercitus,
474 2928 525 2990 tot
547 2927 688 3009 equitum
710 2923 915 3010 peditumque
937 2925 1026 2990 milia
1048 2925 1088 2988 ad
1111 2947 1201 2990 renc-

198 3011 319 3075 vandas
336 3011 419 3076 vires
437 3015 551 3094 parata
567 3014 696 3098 habent,
717 3016 755 3076 ut
771 3012 874 3078 maior
891 3013 967 3076 belli
980 3014 1081 3078 moles
1096 3035 1200 3098 super-

165 3099 255 3181 osit,
287 3120 382 3200 quarn
410 3099 564 3164 exhausta
591 3101 641 3165 sit
686 3099 769 3178 Quid
795 3101 918 3164 ruimus
945 3100 1114 3166 beluarum
1138 3102 1200 3165 ritu

199 3187 233 3250 in
260 3187 434 3270 perniciem
455 3208 523 3251 non
544 3187 778 3253 necessariam?
821 3187 969 3254 Fortium
990 3189 1132 3254 virorum
1154 3191 1200 3254 est

164 3275 303 3359 imagis
325 3279 461 3340 mortem
484 3278 695 3359 contemnere,
718 3297 814 3360 quam
834 3276 939 3341 odisse
957 3276 1065 3341 ιιιιιιιι.
1101 3275 1198 3361 Saepe

197 3363 304 3428 taedio
337 3363 456 3428 laboris
488 3361 529 3427 ad
559 3326 716 3428 vilitatein
747 3364 797 3428 sui
828 3364 1094 3448 conpelluntur
1084 3365 1197 3449 ignavi.

197 3449 244 3514 At
275 3451 354 3515 nihil
387 3452 489 3516 virtus
518 3451 719 3534 inexpertum
747 3451 876 3516 omittit
925 3450 1026 3554 Atqui
1055 3452 1198 3517 ultimum

197 3540 341 3605 omnium
367 3560 454 3604 mors
481 3542 543 3603 cst:
571 3537 612 3601 ad
638 3561 734 3624 quam
760 3560 828 3603 non
853 3540 947 3623 pigre
973 3541 1020 3604 ire
1043 3541 1121 3604 salis
1145 3544 1197 3604 est

161 3645 179 3695 8
196 3626 335 3692 Proinde
357 3627 385 3690 si
406 3627 538 3710 Bactra,
563 3625 648 3710 quod
669 3626 866 3689 tutissimum
887 3627 1122 3709 receptaculum
1145 3631 1198 3709 est,
