2582 4098
284 195 536 252 HISTORIARUM
553 195 768 251 ALEXANDRI
787 197 834 265 VI,
853 202 877 253 7.
1022 199 1085 260 133

78 341 223 418 sermoni
256 363 313 406 sno
344 361 454 425 regem
482 344 632 406 causatur
665 341 821 406 discessit
869 339 1004 406 Postero
1034 340 1085 406 die

78 429 254 498 Cebalinus
273 429 415 494 venienti
434 429 468 492 in
486 429 609 513 regiam
631 433 761 512 praesto
781 432 831 492 est
848 429 1086 513 intrantemque

77 519 233 584 admonet
249 517 626 600 pridicoommunicatae
643 539 716 582 cum
733 517 805 600 ipso
823 517 880 582 rei.
912 517 973 583 Ille
992 539 1086 582 carae

77 607 144 671 ribi
176 627 247 670 asae
277 605 462 689 respondet:
494 626 530 669 ae
557 627 597 669 ne
631 609 701 670 tum
733 605 862 689 quidem
888 605 972 690 regi,
1004 627 1086 689 quae

76 695 239 777 audierat,
271 693 383 777 aperit
432 691 590 777 Coeperat
619 691 774 759 Cebalino
807 715 877 758 esse
909 698 1086 777 suspectus.

75 782 193 867 Itaque
211 802 277 848 non
294 782 380 847 ultra
397 781 668 866 interpellandum
686 785 776 847 ratus
794 782 898 847 nobili
919 782 1028 847 inveni
1044 818 1084 828 —
1105 801 1138 849 aa

75 870 209 936 Metron
227 873 297 935 erat
314 870 345 934 ei
362 891 481 936 nomen
495 905 537 916 -
554 891 650 952 super
668 870 952 936 armamentarium
969 870 1086 954 posito,

78 958 167 1043 quod
188 958 291 1024 scelus
308 961 493 1043 pararetur,
515 957 645 1022 indicat.
680 957 742 1023 Ille
760 955 914 1024 Cebalino
933 959 969 1023 in
986 981 1087 1024 arma·
1105 978 1138 1026 aa

79 1047 242 1112 montorio
262 1046 451 1112 abscondito
469 1046 617 1130 protinus
631 1047 703 1130 regi
717 1067 832 1130 corpus
849 1047 935 1112 forte
954 1048 1087 1130 curanti,

12 1141 66 1204 27
79 1135 160 1219 qnid
182 1134 278 1200 index
296 1135 478 1217 detulisset,
500 1134 650 1199 ostendit
684 1133 755 1199 Rex
773 1135 813 1199 ad
831 1135 1086 1219 conprehendcn·
1105 1155 1140 1204 24

79 1225 159 1288 dum
170 1221 334 1307 Dymnum
348 1223 457 1288 missis
472 1223 666 1288 satellitibus
680 1227 964 1288 armamentarium
976 1225 1088 1288 intrat.

77 1311 131 1376 111
150 1308 322 1376 Cebalinus
345 1311 463 1396 gaudio
486 1311 605 1395 elatus,
628 1310 752 1376 ‘Habeo
774 1310 830 1395 te',
850 1311 966 1395 inquit,
989 1310 1087 1378 ‘inco-

77 1400 203 1465 lumem
231 1421 269 1464 ex
295 1399 457 1483 inpiorum
484 1401 633 1465 manibus
661 1398 829 1483 ereptum'.
878 1399 1086 1464 Percontatus
1106 1419 1140 1468 25

78 1488 196 1553 deinde
213 1486 409 1567 Alexander,
434 1510 515 1572 quae
538 1489 698 1553 noscenda
716 1490 821 1568 erant,
844 1486 955 1553 ordine
973 1492 1088 1553 cuncta

79 1576 256 1662 cognoscit
303 1575 490 1660 Rursusque
521 1577 643 1642 institit
675 1598 842 1660 quaerere,
870 1579 987 1661 quotus
1019 1576 1087 1641 dies

79 1669 183 1748 esset,
206 1685 245 1729 ex
267 1686 330 1748 quo
349 1663 565 1730 Nicomachus
584 1666 625 1730 ad
643 1687 717 1729 eum
737 1665 908 1730 detulisset
925 1663 1088 1729 indicium.

78 1753 190 1838 Atque
209 1753 267 1818 illo
285 1753 421 1836 fatente,
443 1753 509 1816 iam
527 1753 658 1817 tertium
677 1774 760 1836 esse,
779 1753 982 1835 existimans,
1001 1752 1087 1817 haud
1106 1773 1140 1822 26

79 1843 268 1923 incorrupta
285 1841 348 1906 fide
371 1844 464 1905 tanto
484 1846 559 1923 post
580 1841 718 1924 deferre,
740 1862 823 1925 quae
841 1841 999 1921 audierat,
1019 1841 1087 1904 vin·

79 1931 141 1994 ciri
165 1950 237 1994 eum
255 1929 360 1994 iussit.
394 1928 454 1992 Ille
473 1929 640 1993 clamitare
659 1928 778 2013 coepit,
802 1929 914 1993 eodem
932 1929 1086 2012 temporis
1107 1949 1140 1998 ar

79 2021 260 2101 momento,
283 2039 346 2102 quo
365 2017 519 2098 audisset,
542 2017 583 2081 61
600 2016 753 2081 Philotan
776 2017 966 2082 decurrisse:
989 2018 1029 2082 ab
1050 2040 1086 2082 eo

80 2105 393 2259 {nitroso
417 2106 471 2258 61
466 2105 1023 2278 utsttttdtffittmptttttt
1047 2126 1141 2259 :3²⁸
1192 2137 1197 2144 ’

81 2304 131 2365 66,
155 2244 434 2365 perseverante'eo
454 2281 638 2365 adfirmare,
660 2243 742 2366 quae
761 2283 898 2366 dixerat,
916 2304 1029 2347 manus
1048 2283 1090 2348 ad

81 2370 209 2435 caelum
229 2371 363 2435 tendens
382 2371 587 2436 manantibus
609 2371 753 2435 lacrimis
770 2371 855 2435 hanc
873 2371 937 2434 sibi
955 2393 975 2434 a
993 2371 1089 2435 caria·

80 2458 168 2612 qqrpeo
191 2458 352 2610 qnondalqn
370 2458 702 2610 amicorlpmdrelatam
725 2458 866 2543 gratiam
888 2459 1089 2608 qpercebatnr.

81 2567 299 2700 6616111
326 2568 462 2722 ott,
493 2567 926 2719 §tatffllftllmss
957 2567 1090 2715 1111
1106 2566 1140 2614 ²⁹

82 2723 226 2807 graviter
254 2745 288 2788 ae
318 2723 465 2788 vulnerat
493 2743 687 2806 occursuque
719 2720 899 2786 satellitum
931 2720 1089 2785 inhibitus

80 2810 244 2895 perfertur
260 2812 295 2876 in
312 2811 445 2895 regiam.
481 2810 583 2887 Quem
600 2811 730 2875 intuens
748 2831 813 2890 rex,
832 2806 957 2892 ‘Quod',
975 2809 1089 2892 inquit,
1108 2831 1142 2880 30

83 2899 131 2962 ‘in
153 2902 199 2982 te,
226 2898 365 2982 Dymno,
392 2902 519 2963 tantum
542 2899 684 2983 cogitavi
705 2897 810 2979 nefas,
837 2900 874 2960 ut
900 2897 963 2961 tibi
985 2896 1090 2962 Mace·

83 2987 205 3052 donum
222 3007 323 3071 regno
348 2987 474 3072 dignior
492 2986 638 3052 Philotas
657 3006 708 3049 me
729 3006 855 3070 quoque
877 2984 949 3068 ipso
968 2985 1090 3050 ridere·

83 3074 173 3140 turl'
216 3076 315 3141 Illum
337 3075 403 3140 iam
426 3075 588 3140 defecerat
610 3095 680 3140 vox.
719 3073 834 3158 Itaque
857 3073 943 3138 edito
966 3073 1089 3158 gemitu

82 3162 238 3248 vultuque
261 3185 281 3228 a
304 3166 475 3247 conspectu
501 3163 587 3247 regis
616 3183 728 3227 averso
757 3160 892 3227 subinde
917 3162 1089 3245 conlapsus

84 3251 293 3336 extinguitur.

27 3345 72 3412 28
171 3339 240 3404 Rex
261 3339 392 3406 Philota
415 3340 522 3404 venire
545 3339 579 3402 in
601 3359 726 3423 regiam
752 3340 855 3421 iusso,
882 3336 1139 3422 ε(161611666’,6ι

82 3429 203 3513 inquit,
222 3427 383 3493 ‘ultimum
403 3427 595 3512 supplicium
608 3429 758 3511 meritus,
777 3429 806 3492 si
823 3429 858 3492 in
871 3431 969 3510 caput
982 3449 1089 3492 meum

83 3520 294 3601 praeparatas
320 3516 456 3582 insidias
484 3516 582 3581 biduo
605 3517 701 3601 texit,
726 3516 821 3581 huius
849 3515 991 3580 criminis
1014 3513 1090 3580 Plri-

83 3606 175 3671 lotan
197 3627 287 3671 ream
310 3605 492 3686 substituit,
515 3603 555 3668 ad
579 3625 671 3688 quem
695 3605 842 3687 protinus
865 3603 1018 3668 indicium
1037 3603 1089 3667 16-
