2552 4108
224 215 477 272 HISTORJARUM
495 215 709 272 ALEXANDRI
726 217 777 285 IV,
797 225 821 272 6.
842 224 865 272 7.
1007 217 1050 282 49

18 367 94 427 turn
120 361 323 446 peregrinos
345 361 427 426 ritus
444 382 529 426 nova
548 362 703 426 subeunte
720 360 860 425 fortuna
893 361 954 427 Per
967 363 1050 429 talos

19 452 112 515 enim
140 450 305 533 spirantis
328 450 398 514 lora
419 450 554 513 traiecta
575 453 652 513 sunt
673 449 903 535 religatumque
924 450 964 514 ad
982 473 1050 516 cur·

20 562 97 604 rum
122 542 262 603 traxere
286 538 370 620 cirea
387 538 499 620 urbem
518 538 591 621 equi
610 537 769 623 gloriante
785 559 871 624 rege,
893 539 1052 624 Achillen,

21 650 42 691 a
70 649 141 711 quo
169 647 280 711 genus
301 626 371 710 ipse
394 625 574 710 deduceret,
603 626 764 690 imitatum
794 648 828 691 se
855 648 924 692 esre
946 649 1052 712 poena

22 717 59 780 in
86 715 233 781 hostem
260 714 423 798 capienda.
468 711 615 779 Cecidere
644 713 816 779 Persarum
844 715 1051 799 Arabumque
1070 737 1105 786 so

23 805 113 868 eirca
138 822 166 868 x
185 803 289 887 milia,
311 824 371 868 nec
386 801 614 868 Macedonibus
636 802 805 868 incruenta
826 804 961 868 victoria
982 804 1052 868 fuit

25 891 170 957 Obsidio
202 895 290 955 certe
316 912 384 957 non
409 893 477 954 tam
504 891 650 955 claritate
681 892 770 956 urbis
796 892 968 957 nobilitata
996 895 1053 977 est,

26 1003 129 1063 quam
164 980 336 1064 geminato
363 979 505 1064 periculo
532 979 625 1064 regis.
672 978 733 1055 Qui
755 979 942 1064 Aegyptum
965 979 1052 1044 adire

27 1069 198 1133 festinans
223 1067 392 1152 Amyntan
419 1089 491 1132 cum
519 1084 543 1131 x
564 1066 748 1133 triremibus
774 1069 809 1131 in
831 1066 1052 1133 Macedoniam

28 1157 70 1220 ad
108 1156 364 1240 inquisitionem
399 1176 555 1220 novorum
588 1155 726 1219 militum
756 1156 853 1220 misit.
905 1154 1052 1240 Namque
1070 1178 1103 1226 31

30 1245 131 1309 etiam
156 1244 313 1310 secundis
336 1243 555 1309 atterebantur
576 1246 684 1307 tamen
703 1244 821 1328 copiae,
844 1243 1052 1308 devictarum·

30 1355 129 1486 qupur
118 1334 275 1418 gentium
297 1332 392 1396 militi
414 1332 517 1396 minor
541 1353 637 1417 quam
660 1332 833 1397 domestico
856 1331 936 1396 fides
955 1332 1052 1398 habe·

55 1443 74 1484 a
130 1471 139 1486 .

463 1576 541 1644 One.
563 1577 635 1644 VII.

7 1667 26 1732 9
124 1683 299 1770 Aegyptii,
331 1683 407 1748 olim
430 1684 600 1749 Persarum
627 1685 743 1768 opibus
765 1685 903 1768 infensi,
936 1685 1086 1769 quippei

37 1792 133 1836 avare
158 1779 193 1837 et
218 1771 354 1856 superbe
376 1772 595 1856 imperitatum
620 1773 682 1837 sibi
705 1794 774 1837 esse
798 1772 983 1857 credebant,
1013 1773 1054 1837 ad

39 1880 130 1940 spem
170 1860 331 1924 adventus
367 1860 436 1924 eius
472 1863 638 1924 erexerant
673 1860 811 1943 animos,
851 1863 962 1944 utpote
999 1861 1053 1944 qui

39 1945 220 2030 Amyntam
245 1969 370 2032 quoque
392 1947 594 2032 transfugam
617 1952 651 2012 et
668 1969 740 2012 oum
757 1949 900 2031 precario
919 1949 1053 2033 imperio

40 2037 227 2101 venientem
256 2036 335 2100 laeti
360 2036 564 2119 recepissent.
611 2034 715 2122 Igitur
737 2036 852 2121 ingens
881 2037 1052 2102 multitudo
1073 2057 1088 2104 a

41 2120 218 2210 Pelusium,
243 2145 306 2208 qua
322 2125 499 2188 intraturus
512 2124 687 2208 videbatur,
710 2128 911 2189 convenerat.
946 2125 1053 2210 Atque

43 2209 260 2312 illeseptimo
284 2211 348 2296 die,
370 2215 540 2314 postquam
563 2235 582 2276 a
605 2210 690 2277 Gaza
713 2213 821 2296 copias
843 2216 997 2296 moverat,
1019 2214 1054 2277 in

44 2301 982 2474 teresteetalttdltttttttttltt
999 2323 1088 2473 {233

46 2475 111 2538 tere
138 2477 240 2542 iussis
268 2477 337 2560 ipse
368 2499 440 2540 cum
470 2477 616 2561 expedita
643 2478 836 2542 delectorum
858 2498 956 2540 manu
977 2474 1053 2541 Nilo

48 2581 137 2627 amne
159 2569 273 2630 vectus
301 2567 359 2629 est.
402 2562 471 2629 Nec
494 2566 672 2630 sustinuere
695 2566 867 2631 adventum
890 2564 958 2628 eius
980 2562 1054 2628 Per·

49 2667 108 2734 sae,
131 2652 310 2718 defectione
334 2674 460 2738 quoque
482 2654 651 2737 perterriti¹
684 2652 816 2736 Iamque
837 2651 925 2715 haud
942 2653 1089 2734 procule

48 2732 191 2823 Memphi
205 2745 288 2806 erat:
310 2742 345 2805 in
359 2742 449 2806 cuius
462 2742 620 2825 praesidio
634 2740 788 2824 Mazaces,
805 2743 935 2823 praetor
948 2738 1054 2822 Darei,

50 2825 176 2893 relictus
194 2831 239 2895 ad
251 2828 439 2895 Cercasoron
457 2851 550 2893 amne
569 2832 719 2914 superato
733 2827 920 2912 octingenta
931 2829 1056 2892 talenta

51 2910 232 2983 Alexandro
256 2939 444 3001 omnemque
464 2918 587 3002 regiam
605 2916 835 3002 supellectilem
852 2916 993 2980 tradidit.
1022 2916 1054 2980 A
1073 2937 1089 2983 5

52 2993 191 3087 Memphi
224 3006 334 3071 eodem
364 3005 495 3069 flumine
526 3009 635 3069 vectus
667 3005 707 3069 ad
733 3005 887 3069 interiora
913 3005 1056 3090 Aegypti

53 3096 198 3165 penetrat
229 3093 466 3179 conpositisque
498 3093 592 3157 rebus
619 3093 679 3176 ita,
709 3096 747 3157 ut
774 3092 856 3157 nihil
883 3114 921 3157 ex
949 3093 1054 3177 patrio

55 3171 283 3262 Aegyptiorum
318 3203 406 3246 more
440 3184 592 3263 mutaret,
629 3180 716 3245 adire
747 3179 833 3246 Iovis
864 3180 1054 3246 Hammonis

59 3268 219 3333 oraculum
242 3271 364 3334 statuit
400 3269 467 3334 lter
489 3269 642 3352 expeditis
666 3291 791 3353 quoque
814 3272 847 3333 et
868 3267 987 3354 paucis
1001 3269 1090 3337 rixo

57 3348 216 3421 tolerabile
237 3358 481 3444 ingrediendum
503 3361 585 3421 erat:
614 3361 701 3422 terra
723 3359 873 3441 caeloque
900 3379 1055 3441 aquarum

57 3443 184 3514 penuria
211 3450 272 3530 est,
302 3446 425 3511 steriles
454 3445 592 3509 harenae
621 3446 740 3529 iacent,
769 3467 849 3530 quas
873 3445 928 3509 ubi
954 3467 1055 3528 vapor

60 3525 129 3590 solis
156 3535 311 3618 accendit,
342 3533 465 3598 fervido
493 3533 561 3598 solo
589 3538 740 3598 eminente
766 3533 915 3617 vestigia,
941 3533 1056 3597 intole-

59 3611 161 3682 rabilis
192 3626 298 3688 aestus
331 3621 445 3686 existit
489 3620 752 3706 Luctandumque
782 3623 924 3685 estnon
951 3622 1088 3689 solums

108 3715 286 3768 Garumnam.
877 3727 894 3775 4
