2552 4108
216 218 237 282 2
586 217 618 283 Q.
637 217 746 272 cuam
763 217 849 271 RUFI

215 366 324 427 menta
341 362 462 427 metiri:
486 383 519 426 se
539 361 618 425 scire
636 361 898 446 inexpugnabiles
917 383 995 443 esse,
1018 361 1059 424 ad
1071 361 1225 425 ultimum

182 472 275 535 apro
297 451 358 515 fide
381 450 560 514 morituros.
594 448 741 514 Getarum
764 454 801 514 ut
823 449 1038 514 circumsideri
1061 471 1171 514 arcem
1195 453 1226 513 et

218 541 325 605 omnia
348 538 410 603 sibi
431 538 465 602 in
488 537 555 601 dies
579 539 697 602 artiora
713 559 781 602 esse
795 537 951 621 viderunt,
976 537 1146 621 sexaginta
1161 538 1225 600 die·

216 651 287 692 rum
309 626 453 690 inducias
475 625 569 708 pacti,
590 629 635 710 ut,
657 626 720 690 nisi
741 627 827 689 intra
850 647 904 690 eos
925 626 1078 689 auxilium
1096 623 1225 689 Dareus

216 717 295 800 ipsis
328 714 478 797 misisset,
510 714 661 777 dederent
681 714 808 796 urbem,
839 717 1011 797 postquam
1038 713 1120 777 nihil
1149 714 1225 778 inde

216 802 366 887 praesidii
392 802 592 885 mittebatur,
624 802 664 866 ad
693 803 917 885 praestitutam
944 801 1027 865 diem
1049 801 1225 884 permisere

217 913 250 956 se
272 913 305 954 re
342 940 349 954 .

183 1001 198 1049 9
307 911 539 1061 Girpcrveniunt
561 978 673 1042 deinde
691 977 791 1063 legati
803 977 1050 1042 Atheniensium
1067 979 1225 1060 petentes,

217 1070 254 1130 ut
276 1067 361 1149 capti
383 1067 467 1149 apud
482 1064 654 1131 Granicum
677 1087 802 1130 amnem
824 1066 1030 1130 redderentur
1054 1065 1123 1130 sibi.
1165 1066 1224 1130 Ille

217 1177 284 1219 non
305 1155 365 1219 hos
388 1154 492 1239 modo,
515 1155 570 1219 sed
593 1155 689 1218 etiam
711 1158 832 1219 ceteros
847 1151 985 1218 Graecos
1007 1153 1133 1217 restitui
1156 1155 1224 1218 suis

167 1263 199 1314 ιο
218 1244 379 1308 iussurum
401 1243 567 1326 respondit
581 1242 672 1307 finito
686 1241 813 1306 Persico
828 1243 921 1307 bello.
953 1239 1101 1306 Ceterum
1114 1239 1224 1307 Dareo

221 1332 400 1414 imminens,
425 1353 519 1415 quem
541 1331 684 1395 nondum
704 1330 894 1413 Euphraten
916 1351 1081 1413 superasse
1103 1351 1225 1414 cogno·

217 1423 315 1504 verat,
328 1420 467 1504 undique
482 1439 592 1483 omncs
606 1419 714 1501 copias
729 1418 896 1502 contrahit,
909 1419 987 1483 totis
1002 1417 1123 1482 viribus
1136 1419 1224 1482 tanti

217 1508 293 1572 belli
316 1508 485 1572 discrimen
508 1506 661 1570 aditurus.

166 1616 197 1664 11
305 1595 448 1680 Phrygia
471 1597 547 1678 erat,
569 1615 626 1677 per
649 1616 744 1678 quam
766 1593 939 1658 ducebatur
962 1593 1129 1678 exercitus,
1151 1595 1252 1676 plu-2

168 1705 199 1753 12
218 1685 306 1749 ribus
343 1685 420 1748 vicis
453 1704 549 1767 quam
580 1682 712 1747 urbibus
747 1681 905 1765 frequens.
959 1682 1049 1746 Tunc
1080 1681 1226 1746 habebat

217 1773 359 1838 nobilem
382 1770 543 1855 quondam
565 1769 670 1833 Midae
692 1770 822 1854 regiam.
856 1767 1009 1834 Gordium
1031 1791 1150 1834 nomen
1175 1774 1225 1835 est

217 1861 298 1943 urbi,
322 1882 418 1943 quam
432 1857 605 1943 Sangarius
626 1859 727 1922 amnis
743 1857 948 1941 praeterfluit,
970 1859 1041 1940 pari
1054 1858 1224 1922 intervallo

167 1967 199 2015 ra
218 1946 352 2011 Pontico
381 1950 413 2010 et
436 1945 547 2012 Gilioio
574 1947 862 2012 maridistantem.
905 1944 993 2009 Inter
1019 1945 1098 2009 haec
1120 1947 1225 2010 maria

219 2033 482 2118 angustissimum
495 2033 591 2099 Asiae
610 2035 749 2117 spatium
767 2055 835 2098 esse
854 2033 1063 2118 conperimus,
1086 2035 1225 2118 utroque

217 2123 253 2186 in
281 2124 368 2185 artas
391 2121 498 2186 fauces
521 2122 719 2204 conpellente
741 2125 868 2186 terram.
914 2121 1001 2198 Quae
1025 2121 1100 2206 quia
1121 2123 1224 2186 couti·

218 2210 307 2274 nenti
329 2209 495 2292 adhaeret,
517 2209 572 2273 sed
594 2230 714 2292 magna
731 2230 770 2272 ex
792 2213 881 2292 parte
904 2210 1042 2294 cingitur
1063 2209 1224 2294 flucfibus,

219 2298 355 2381 speciem
378 2297 500 2361 insulae
522 2298 654 2382 praebet
676 2318 722 2380 ac,
743 2296 807 2360 nisi
824 2300 919 2361 tenue
936 2299 1105 2363 discrimen
1119 2297 1223 2362 obice·

169 2405 200 2455 14
218 2390 280 2469 ret,
303 2406 383 2470 quac
405 2407 491 2450 nunc
514 2385 625 2449 dividit
646 2385 756 2468 maria,
778 2386 998 2451 committeret
1041 2384 1226 2450 Alexander

217 2475 297 2540 urbe
323 2474 360 2538 in
387 2474 544 2539 dicionem
567 2495 657 2537 suam
678 2474 805 2538 redacta
826 2473 912 2538 Iovis
935 2475 1091 2560 templum
1112 2474 1224 2539 intrat.

218 2562 422 2647 Vehiculum,
452 2583 514 2647 quo
538 2559 704 2644 Gordium,
730 2561 836 2626 Midae
858 2565 982 2645 patrem
1004 2566 1130 2627 vectum
1154 2583 1225 2627 esse

219 2653 396 2734 constabat,
419 2651 550 2733 aspexit,
573 2651 659 2714 cultu
680 2650 765 2714 haud
788 2671 865 2714 sane
888 2673 908 2714 a
929 2651 1094 2715 vilioribus
1113 2651 1224 2735 vulga-

168 2758 201 2808 15
219 2739 323 2822 tisque
344 2762 406 2804 usu
429 2739 612 2804 abhorrens.
642 2736 793 2802 Notabile
816 2742 884 2802 erat
905 2739 1017 2823 iugum
1035 2740 1224 2804 adstrictum

220 2828 424 2909 conpluribus
447 2827 539 2891 nodis
555 2827 590 2891 in
608 2827 795 2909 semetipsos
813 2826 975 2909 inplicatis
994 2830 1027 2890 et
1044 2828 1223 2892 celantibus

169 2935 201 2984 16
219 2937 328 2979 nexus.
345 2914 463 2979 Incolis
482 2915 593 2980 deinde
609 2914 860 2998 adfirmantibus,
878 2915 995 2978 editam
1010 2937 1079 2980 esse
1093 2917 1223 2980 oraculo

220 3006 352 3087 sortem,
383 3001 480 3067 Asiae
509 3003 699 3086 potiturum,
731 3002 786 3086 qui
813 3002 1035 3085 inexplicabile
1060 3003 1224 3069 vinculum

221 3092 381 3174 solvisset,
411 3091 524 3174 cupido
547 3092 678 3156 incessit
701 3091 807 3155 animo
831 3091 927 3155 sortis
950 3091 1016 3156 eius
1040 3092 1223 3175 explendae.

166 3197 201 3248 1⁷
220 3177 312 3244 Giroa
340 3200 448 3265 regem
475 3182 544 3243 erat
570 3183 602 3243 et
628 3178 792 3262 Phrygum
820 3179 915 3242 turba
945 3182 977 3243 et
1002 3179 1223 3264 Macedonum,

218 3268 275 3331 illa
297 3268 514 3352 expectatione
538 3289 704 3350 suspensa,
731 3267 810 3331 haec
834 3267 969 3330 sollicita
993 3289 1031 3332 ex
1052 3270 1223 3332 temeraria

218 3356 303 3440 regis
325 3357 454 3421 fiducia:
479 3356 595 3439 quippe
614 3355 694 3420 serie
712 3355 910 3419 vinculorum
928 3355 975 3419 ita
994 3356 1155 3440 adstricta,
1179 3362 1223 3440 ut,

218 3445 303 3508 unde
331 3466 433 3509 nexus
459 3443 613 3527 inciperet
639 3464 739 3528 quove
767 3464 801 3507 se
824 3442 984 3527 conderet,
1016 3466 1075 3510 nec
1097 3445 1222 3509 ratione

218 3554 277 3597 nec
303 3533 374 3598 visu
400 3532 537 3616 perspici
564 3535 689 3615 posset,
721 3532 841 3596 solvere
872 3531 1040 3615 adgressus
1069 3533 1224 3598 iniecerat

167 3642 199 3691 18
219 3642 328 3687 curam
347 3621 384 3707 ei,
402 3642 442 3685 ne
461 3621 496 3683 in
514 3641 608 3686 omen
626 3622 800 3684 verteretur
818 3618 943 3683 irritum
960 3620 1131 3707 inceptum.
1161 3621 1222 3686 Ille
