2602 4094
277 217 529 273 HISTORIARUM
547 216 759 272 ALEXANDRI
777 217 811 286 X,
829 225 853 272 3.
872 224 897 273 4.
1022 216 1087 280 267

80 383 162 445 quos
194 362 297 426 adhuc
333 363 470 446 pristina
500 385 585 428 noxa
620 363 777 428 iudicaret
810 383 879 427 cese
913 365 1089 446 contactos,

78 451 206 515 iuberet
235 451 387 515 interfici:
423 451 538 516 offerro
565 471 600 515 sc
628 472 764 535 corpora
791 451 873 534 irae,
904 450 1089 515 trucidaret.

82 539 221 603 Tandem
247 559 325 620 prae
352 539 452 604 dolore
477 541 532 604 oia
557 541 668 604 muniis
693 544 840 622 compotes
865 540 1000 604 rinioersi
1022 558 1089 603 cort·

80 632 212 692 currunt
232 628 275 692 ad
297 629 413 709 replum
431 629 585 709 armisque
606 633 678 692 ante
696 629 779 709 fores
794 629 938 710 proiectis
960 627 1090 691 tunicati

80 717 237 780 adstantes
258 718 344 781 nuda
365 721 395 780 et
415 717 546 780 obrtonia
562 717 671 797 poenis
692 736 820 798 corpora
841 717 965 781 admitti
986 715 1090 796 flmtes

81 805 221 869 orabant.
259 806 333 870 Non
359 824 391 869 se
411 805 578 886 deprecari,
605 806 681 885 quin
702 805 862 886 suppliciis
882 804 1017 869 sontium
1039 823 1089 869 ee-

76 894 255 976 piarentnr,
290 913 368 975 quae
399 914 455 974 per
490 897 713 957 contumaciam
747 894 950 975 deliquissent.
997 891 1090 974 Reqis

82 982 278 1046 iracundiam
313 981 373 1046 sibi
407 987 502 1046 nuru
538 981 702 1046 tristiorem
738 1000 806 1046 esse.
857 981 992 1063 Cumque
1027 982 1091 1045 dies

81 1075 238 1151 noctesque
273 1075 345 1134 ante
378 1071 496 1152 rapiam
530 1070 723 1152 purulentos
757 1069 926 1134 miserabili
961 1071 1091 1134 damme

81 1157 246 1240 nanuum
262 1159 485 1240 paenitentiam
502 1178 593 1223 suam
609 1156 821 1239 adprobarent,
843 1158 969 1222 biduum
989 1163 1091 1222 tamen

81 1248 228 1311 adomsns
250 1245 442 1312 humillimas
458 1266 584 1312 snorum
598 1266 698 1328 preces
715 1247 881 1310 iracundia
898 1248 978 1328 repis
996 1247 1089 1310 dura

81 1336 136 1399 nit.
182 1335 283 1399 Tertio
306 1337 355 1400 die
375 1336 471 1400 uictus
492 1335 665 1400 constantia
686 1335 858 1416 snpplicnm
874 1336 1023 1416 processit
1044 1336 1092 1398 in·

81 1427 246 1505 assutaque
276 1424 383 1488 lenita
414 1425 560 1489 exercitus
590 1423 781 1488 immodestia
805 1443 868 1487 non
893 1423 960 1488 sine
985 1423 1092 1487 multis

81 1513 237 1593 utrimque
267 1512 404 1577 lacrimis
429 1513 465 1576 in
488 1513 626 1594 qratiam
651 1531 683 1576 se
708 1531 778 1576 enm
803 1511 881 1594 rpa's
906 1512 1005 1576 redire
1032 1529 1091 1591 pro

23 1603 26 1610 ⁴
81 1600 181 1681 sessnrs
211 1604 261 1665 est.
306 1600 414 1683 Diqna
442 1606 543 1664 tamen
569 1620 617 1665 res
642 1601 710 1665 orsa
736 1604 790 1683 est,
819 1619 897 1681 qnae
922 1599 1093 1664 muribus

82 1688 191 1753 bostiis
212 1689 394 1769 expiaretur.
432 1688 542 1769 Itaque
563 1689 715 1770 sacrificio
737 1689 897 1771 muqnipioe
917 1692 1093 1770 perpetrato

83 1777 290 1842 Macedonum
320 1777 415 1842 simul
445 1776 669 1858 Persarumque
695 1778 847 1858 primores
879 1777 1020 1840 incitavit
1050 1777 1094 1840 ad

81 1866 197 1947 epulas.
242 1865 359 1930 Novem
381 1866 471 1930 milia
493 1885 526 1931 eo
548 1866 682 1930 anoton
705 1866 851 1946 cacepuse
871 1866 1032 1946 proditum
1049 1868 1094 1929 cst

82 1954 248 2018 memoriae
273 1974 378 2034 eosque
406 1972 509 2018 omnes
529 1954 679 2018 incitante
700 1973 768 2035 repe
790 1973 827 2018 aa
848 1954 951 2018 eadem
974 1957 1093 2018 matera

83 2043 237 2126 libauisse,
269 2041 397 2107 Graecis
427 2042 624 2124 barbarisque
654 2042 773 2106 uatibus
803 2045 870 2106 tum
895 2042 963 2106 alia
985 2043 1093 2121 fausta

81 2135 154 2194 octa
178 2131 401 2214 praecentibus,
425 2136 490 2195 tum
511 2131 657 2212 inprimis
677 2135 714 2195 nt
733 2130 892 2211 utriusque
912 2130 1036 2213 imperii
1057 2131 1094 2194 in

82 2220 165 2283 idem
182 2238 291 2300 corpus
308 2219 413 2284 coaliti
433 2220 558 2284 societas
574 2223 723 2301 perpetrm
743 2219 830 2299 foret.
861 2219 1028 2284 Maturata
1045 2220 1094 2283 de·

83 2308 157 2372 inde
173 2311 217 2371 est
233 2308 338 2372 missio
357 2312 386 2372 et
397 2308 629 2389 infirmissimus
642 2308 767 2390 quisque
780 2308 977 2372 exauctorati.
1004 2308 1093 2371 Anci

81 2415 190 2460 emnem
207 2416 323 2477 quoque
338 2396 493 2460 senionnm
510 2396 692 2477 quibusdam
709 2401 909 2461 commeatum
922 2397 1010 2460 dedit.
1040 2396 1094 2460 En

81 2485 155 2566 quis
176 2481 284 2561 Ollius,
306 2489 497 2566 coquomento
514 2483 622 2568 Albus,
644 2484 834 2567 Gorqiasqne
855 2488 884 2548 et
904 2482 1094 2564 Polydamas

82 2577 114 2636 et
130 2571 296 2654 Antiqenes
315 2573 409 2653 fuere.
445 2573 636 2638 Abeuntibus
656 2593 719 2636 non
743 2574 831 2636 modo
844 2572 1005 2652 praeteriti
1023 2576 1094 2634 tem

80 2661 169 2744 poris
192 2661 344 2741 stipendia
366 2681 435 2726 enm
456 2662 517 2743 fide
532 2661 687 2744 persolmt,
709 2680 814 2724 oerum
836 2660 927 2723 etiam
946 2659 1094 2724 munium

83 2749 197 2813 adiecit
213 2749 248 2814 in
265 2750 401 2832 sinqulos
417 2751 530 2814 milites
545 2750 652 2814 viatici
667 2749 798 2813 nomine.
833 2747 936 2812 Filios
949 2768 986 2812 ea
998 2747 1092 2812 Asia

86 2838 156 2902 tieis
176 2837 325 2902 morans
345 2843 495 2918 auemtos
514 2873 553 2884 -
573 2839 617 2902 ad
631 2838 730 2902 decem
747 2836 837 2900 milia
852 2836 949 2916 fuum
966 2838 1093 2901 tradun-

86 2931 138 2990 tur
161 2960 201 2970 —
225 2927 311 3008 apud
334 2945 365 2990 se
386 2926 520 3008 relinqui
541 2926 645 3008 iussit,
668 2945 707 2989 ne
728 2925 764 2989 in
784 2924 1003 2989 Macedoniam
1025 2944 1095 2989 cum

79 3012 263 3098 parantibus
290 3015 472 3096 transqressi
497 3017 527 3077 et
551 3013 727 3096 coninqibus
756 3012 915 3094 liberosque
935 3012 1095 3096 prioribus

80 3103 230 3184 penninti
249 3103 392 3183 familias
412 3101 605 3185 sinpulmum
626 3101 865 3166 contentionum
886 3105 915 3166 et
933 3101 1095 3166 discordiis

86 3191 251 3273 inplerent:
278 3191 337 3256 sibi
362 3210 453 3256 curae
477 3191 544 3271 fore
563 3191 734 3272 mantua,
760 3193 796 3253 ut
817 3190 923 3272 patrio
945 3210 1029 3253 more
1046 3189 1095 3253 in·

86 3280 187 3344 stituti
203 3278 334 3344 militiae
351 3283 433 3343 artes
450 3280 648 3344 alcamentur.
685 3277 739 3341 Ita
756 3297 853 3359 snpra
869 3278 968 3342 decem
982 3282 1095 3342 aetna

85 3387 198 3432 numm
224 3368 315 3431 milio
341 3368 470 3432 dimissa
495 3372 570 3432 sunt
589 3367 770 3448 additusque
792 3370 836 3430 est
857 3364 1014 3445 Oraterus,
1041 3366 1096 3447 qni

86 3476 135 3521 eos
161 3457 327 3534 deduceret,
354 3476 391 3520 ea
412 3456 589 3537 praecipuis
614 3456 695 3538 repis
721 3455 838 3519 amicis.
884 3451 944 3519 Oui
967 3455 997 3519 si
1022 3454 1099 3536 qnid

87 3543 266 3609 humanitus
301 3545 469 3622 accidisset,
509 3543 723 3626 Polyperconti
756 3561 868 3624 parere
903 3543 982 3608 iussi
1016 3546 1098 3606 sunt

88 3631 214 3698 litlmis
240 3633 332 3697 etiam
358 3633 402 3697 ad
421 3631 627 3714 Antipatrum
649 3631 771 3712 scriptis
792 3629 936 3695 bonorem
962 3630 1098 3696 emeritis
