2600 4096
265 204 518 262 HISTORIARUII
535 205 749 260 ALEXANDRI
767 204 841 274 VIII,
861 210 903 261 14.
1018 203 1085 269 223

79 350 133 434 fit,
169 349 227 414 ubi
258 349 400 416 turbatis
432 349 538 414 acrius
568 352 673 414 metus
709 370 806 434 quam
837 347 900 412 dux
931 347 1089 432 imperare

80 437 246 522 coepit-
263 438 400 503 totidem
419 443 512 503 erant
529 438 749 521 imperatores,
766 441 846 520 quot
860 436 991 522 agmina
1005 458 1089 502 erra-

80 527 171 591 bant
216 525 311 591 Alius
334 526 467 611 iungere
489 525 603 610 aciem,
626 525 710 590 alius
733 525 889 609 dividere,
914 529 1000 590 stare
1023 525 1090 610 qui·
1107 536 1141 586 21

81 614 159 679 dam
182 616 216 679 et
237 614 387 679 nonnulli
414 613 609 679 circumvehi
635 618 730 699 terga
756 612 899 679 hostium
925 613 1089 678 iubebant.

80 700 176 768 Nihil
193 702 228 766 in
246 702 386 767 medium
404 701 642 768 consulebatur.
674 701 777 766 Porus
796 705 905 766 tamen
922 722 995 766 cum
1012 723 1089 786 pau·
1108 713 1142 761 22

81 791 144 868 cis,
167 790 283 874 quibus
300 795 390 855 metu
408 791 517 874 potior
533 791 641 854 fuerat
661 788 778 873 pudor,
800 789 952 874 colligere
970 787 1090 874 disper·

81 900 152 962 sos,
174 877 289 944 obvius
311 877 401 943 hosti
419 879 466 943 ire
484 879 591 963 pergit
609 877 861 962 elephantosque
880 881 956 943 ante
973 898 1090 963 agmen

82 987 216 1032 suorum
239 966 293 1051 agi
314 966 413 1032 iubet
457 965 612 1051 Magnum
639 966 752 1030 beluae
774 966 910 1030 iniecere
933 969 1089 1031 terrorem
1107 978 1142 1027 2³

81 1055 299 1139 insolitusque
321 1054 442 1120 stridor
462 1075 529 1120 non
550 1075 648 1138 equos
666 1053 772 1138 modo,
793 1057 861 1117 tam
879 1054 1032 1137 pavidum
1050 1054 1091 1118 ad

83 1143 195 1209 omnis
227 1142 363 1226 animal,
394 1142 452 1208 scd
482 1142 568 1208 viros
600 1163 727 1226 quoque
758 1140 949 1226 ordinesque
980 1142 1091 1207 turba-

83 1235 186 1298 verat
230 1229 301 1296 Iam
321 1230 419 1314 fugae
441 1230 742 1315 circumspiciebant
763 1230 871 1296 locum
892 1231 991 1312 paulo
1014 1233 1088 1295 ante
1107 1242 1140 1293 24

81 1319 237 1399 victores,
264 1339 338 1383 cum
359 1319 542 1383 Alexander
563 1318 725 1403 Agrianos
753 1322 786 1383 et
808 1317 951 1402 Thracas
975 1319 1092 1383 leviter

83 1409 236 1491 armatos,
254 1407 420 1472 meliorem
438 1409 679 1472 concursatione
697 1429 794 1492 quam
812 1406 990 1471 comminus
1007 1406 1091 1470 mili·

82 1500 160 1581 tam,
183 1495 292 1560 emisIt
314 1495 349 1559 in
370 1495 492 1560 beluas.
531 1495 700 1580 Ingentem
719 1495 755 1560 hi
772 1494 838 1559 vim
856 1493 993 1559 telorum
1013 1493 1090 1558 inie—
1109 1506 1143 1555 25

84 1606 157 1650 cere
180 1587 214 1648 et
235 1583 416 1666 elephantis
438 1588 472 1648 et
493 1584 678 1667 regentibus
701 1604 769 1648 eos:
800 1582 942 1665 phalanx
965 1603 1090 1665 quoque

83 1673 205 1736 instare
229 1675 415 1736 constanter
434 1672 557 1736 territis
576 1673 690 1754 coepit.
731 1669 794 1736 Sed
812 1671 942 1754 quidam
966 1670 1090 1734 avidius
1109 1682 1143 1730 ro

83 1759 245 1844 persecuti
270 1759 382 1825 beluas
409 1760 443 1824 in
471 1763 572 1824 semet
593 1761 764 1823 iantavere
786 1759 981 1825 vulneribus.
1026 1758 1090 1824 Ob·

84 1850 156 1915 triti
180 1868 258 1932 ergo
281 1848 418 1932 pedibus
440 1869 549 1912 earum
572 1849 697 1929 ceteris,
718 1851 757 1912 ut
778 1846 906 1930 parcius
925 1847 1090 1929 instarent,

84 1937 176 2001 fuere
191 1936 426 2001 documentum.
461 1935 636 2019 Praecipue
654 1935 810 1999 terribilis
825 1935 882 1998 illa
899 1934 998 1999 facies
1013 1937 1090 2013 erat,
1109 1946 1139 1994 27

85 2046 158 2091 cum
181 2045 280 2089 manu
307 2046 397 2089 arma
423 2024 571 2108 virosque
594 2023 791 2107 corriperent
812 2028 845 2088 et
868 2044 965 2106 super
987 2044 1021 2087 se
1043 2043 1091 2086 re·

85 2113 238 2198 gentibus
256 2113 428 2178 traderent.
468 2113 595 2195 Anceps
621 2132 696 2196 ergo
719 2131 830 2196 pugna
851 2133 935 2176 nunc
959 2131 1090 2195 sequen·
1109 2122 1143 2172 28

84 2199 169 2266 tium
183 2222 269 2266 nunc
281 2200 473 2284 fugientium
490 2200 677 2283 elephantos
692 2199 727 2263 in
739 2200 877 2264 multum
891 2199 953 2264 diei
967 2199 1090 2265 varium

85 2293 250 2354 certamen
267 2290 420 2353 extraxit:
439 2290 539 2354 donec
557 2289 722 2353 securibus
738 2324 776 2334 —
792 2289 825 2352 id
838 2310 977 2372 namque
990 2307 1090 2372 genus

86 2377 201 2443 auxilii
218 2381 448 2460 praeparatum
466 2380 536 2441 erat
549 2412 591 2424 -
607 2377 704 2460 pedes
726 2381 892 2460 amputare
911 2380 1091 2457 coeperunt.

87 2463 228 2549 (lepidas
250 2465 410 2530 uocabant
432 2465 558 2549 gladios
577 2465 691 2531 leviter
708 2469 865 2547 curvatos,
887 2463 1024 2527 falcibus
1048 2463 1089 2526 si·
1108 2475 1141 2523 29

87 2555 193 2634 miles,
221 2553 293 2637 quis
321 2553 516 2636 adpetebant
542 2553 709 2618 beluarum
735 2573 859 2617 manus.
907 2548 976 2615 Nec
1004 2550 1091 2633 quio·

87 2663 184 2727 quam
203 2641 404 2724 inexpertum
427 2658 492 2706 non
514 2643 627 2706 mortis
650 2641 754 2724 mode,
777 2639 831 2704 sed
851 2637 950 2702 etiam
968 2637 1003 2701 in
1020 2637 1091 2720 ipsa

41 2730 192 2797 bOmorta
209 2730 287 2794 novi
306 2729 456 2814 supplicii
473 2729 572 2794 timor
592 2729 771 2794 omittebat
811 2726 900 2812 Ergo
920 2725 1092 2809 elephanti,
1110 2737 1144 2786 ³0

87 2817 275 2884 vulneribus
297 2818 428 2882 tandem
456 2816 600 2901 fatigati,
627 2837 702 2882 suos
729 2816 852 2900 impetu
880 2818 1028 2878 sternunt
1050 2817 1092 2898 et,

88 2908 142 2992 qui
160 2908 311 2971 rexerant
328 2928 393 2990 eos,
410 2905 611 2989 praecipitati
625 2905 660 2968 in
677 2907 796 2968 terram
814 2903 854 2967 ab
873 2902 953 2985 Ipsis
968 2903 1091 2967 ohtere-

88 2995 217 3060 bantur.
260 2992 399 3077 Jamque
427 3015 578 3078 pecorum
606 2991 700 3057 modo
728 2991 833 3076 magis
860 2991 970 3075 pavidi
997 3011 1092 3074 quam

87 3083 198 3148 infesti
221 3081 308 3146 ultra
330 3083 432 3147 aciem
451 3082 674 3165 exigebantur:
697 3101 769 3144 cum
787 3081 898 3164 Porus,
919 3078 1091 3144 destitutus
1110 3090 1144 3138 31

88 3194 107 3236 a
123 3171 283 3257 pluribus,
304 3170 370 3235 tels
388 3169 492 3234 multa
518 3173 593 3233 ante
610 3172 802 3252 praeparata
831 3169 866 3232 in
885 3165 1093 3232 circumfusos

88 3281 126 3326 ex
159 3258 333 3342 elephanto
366 3279 423 3322 suo
455 3258 562 3341 coepit
588 3257 734 3341 ingerere
764 3257 938 3341 multisque
970 3254 1092 3320 eminus

88 3346 266 3414 vulneratis
290 3345 453 3430 expositus
481 3346 550 3430 ipse
576 3345 721 3411 edictus
748 3346 887 3429 undique
914 3343 1094 3428 petebatur.

87 3433 213 3502 Novem
245 3434 311 3499 iam
342 3434 476 3499 vulnera
506 3433 581 3498 hino
612 3437 721 3517 tergo,
756 3434 846 3498 illinc
881 3434 1009 3515 pectore
1041 3453 1093 3496 ex·
1112 3442 1145 3491 32

88 3525 219 3608 ceperat
241 3523 407 3606 multoque
430 3522 586 3606 sanguine
604 3522 736 3605 profuso
760 3519 922 3604 languidis
945 3518 1093 3584 manibus

87 3612 192 3698 magis
221 3611 332 3696 elapsa
359 3632 455 3695 quarn
484 3631 616 3675 excussa
642 3609 708 3676 tela
733 3609 893 3674 mittebat.
946 3606 1014 3674 Nec
1045 3626 1093 3672 se·
1113 3617 1145 3666 3³
