2552 4108
233 202 255 266 4
600 194 632 262 Q.
650 195 760 251 CURTI
775 193 862 248 RUFI

198 346 387 430 aequitum,
415 341 646 428 quinquaginta
666 341 756 405 milio
778 339 920 422 peditum
941 337 1115 402 habebant.
1161 334 1233 400 Bar-

233 456 385 500 canorum
411 432 554 516 equitum
581 431 642 495 duo
665 429 753 493 milia
773 428 876 510 fuere,
903 426 1020 491 mmati
1041 425 1233 508 bipennibus

232 524 417 605 levibusque
444 520 542 583 scutis
565 521 669 582 cetrae
691 516 828 581 maxime
852 513 990 598 speeiem
1010 513 1233 578 reddentibus:

196 611 375 695 speditum
398 607 506 672 decem
536 607 625 670 milia
655 605 725 688 pari
754 606 879 668 armatu
906 601 1135 687 sequebantur.
1181 601 1233 665 Ar·

232 697 329 762 menii
368 695 580 781 quadraginta
614 694 705 758 milio
743 693 897 757 miserant
935 689 1079 775 peditum
1122 689 1233 754 additis

232 788 355 868 septem
377 784 506 847 milibus
529 782 679 866 equitum.
709 779 855 864 Hyrcani
872 779 1075 864 egregiorum
1092 781 1234 861 milam,

231 875 268 936 ut
298 872 382 936 inter
411 872 483 936 illas
515 873 640 955 gentes,
679 890 733 933 sex
763 868 853 933 milia
884 867 1088 950 expleverant
1120 868 1234 932 additis

197 981 212 1031 r
232 961 391 1044 equitibus
409 960 497 1024 mille
512 958 656 1043 Tapuris.
691 956 843 1021 Derbices
861 955 1075 1041 quadraginta
1091 957 1234 1037 peditum

231 1049 319 1112 milia
350 1051 562 1112 armaverant:
598 1045 741 1132 pluribus
775 1066 846 1109 aere
878 1046 934 1108 aut
964 1042 1048 1107 ferro
1076 1046 1234 1126 praefixae

230 1137 355 1221 hastae,
381 1136 509 1221 quidam
535 1136 659 1220 lignum
681 1134 751 1219 igni
772 1134 972 1198 duraverant
1016 1129 1087 1197 Hos
1110 1153 1234 1219 quoque

196 1225 294 1294 sduo
316 1225 405 1289 milia
427 1225 569 1309 equitum
592 1245 630 1286 ex
653 1222 762 1303 eadem
785 1224 880 1306 gente
902 1218 1055 1285 comitata
1077 1225 1166 1286 sunt
1209 1223 1235 1285 A

231 1311 347 1397 Caspio
376 1314 457 1377 mari
484 1316 556 1378 octo
582 1310 706 1374 milium
734 1310 879 1392 pedester
908 1309 1064 1373 exereitus
1093 1315 1235 1394 venerat,

231 1401 358 1465 ducenti
381 1401 512 1485 equites.
543 1397 623 1464 Cum
646 1398 686 1462 iis
709 1401 800 1462 erant
821 1397 980 1482 ignobiles
1004 1396 1085 1461 aliae
1108 1404 1235 1482 gentes:

230 1490 292 1554 duo
315 1489 405 1554 milia
426 1488 583 1571 peditum,
613 1486 756 1569 equitum
778 1486 934 1569 duplicem
962 1491 1159 1568 paraverant
1181 1511 1234 1552 nu·

75 1588 78 1592 ’
195 1597 360 1646 smerum.
400 1576 460 1641 His
484 1575 584 1660 copiis
606 1575 740 1659 triginta
762 1575 852 1638 milia
874 1573 1069 1639 Graecorum
1091 1577 1235 1641 mercede

230 1666 386 1730 conducta
409 1663 556 1750 egregiae
578 1662 751 1727 iuventutis
774 1662 905 1729 adiecta.
942 1660 1026 1727 Nam
1044 1661 1235 1730 Bactrianos

230 1758 262 1819 et
284 1753 462 1838 Sogdianos
490 1755 523 1816 et
543 1751 640 1815 indos
662 1754 845 1834 ceterosque
867 1751 955 1816 rubri
978 1751 1076 1816 maris
1100 1755 1235 1836 accolas,

229 1843 341 1925 ignota
370 1843 466 1906 etiam
497 1841 560 1924 ipsi
589 1840 732 1924 gentium
759 1840 903 1924 nomina,
934 1840 1097 1905 festinatio
1126 1842 1235 1924 prohi-

179 1951 211 2000 10
229 1929 327 1991 bebat
349 1931 452 1994 acciri.
482 1927 550 1993 Nec
569 1929 738 2013 quicquam
755 1927 804 1991 illi
822 1928 927 1992 minus
947 1951 1043 2013 quam
1061 1930 1235 1994 multitudo

229 2015 367 2079 militum
386 2017 493 2080 defuit
529 2013 627 2080 Cuius
644 2023 714 2080 tum
732 2015 897 2081 universae
916 2021 1046 2102 aspectu
1063 2013 1255 2082 admodumi

229 2105 331 2167 laetus
354 2104 537 2186 purpuratis
557 2105 652 2167 solita
673 2103 815 2167 vanitate
838 2127 928 2188 spem
950 2107 1018 2171 eius
1038 2105 1235 2188 inflantibus,

229 2212 399 2255 conversus
427 2191 466 2254 ad
490 2189 714 2256 Charidemum
741 2190 970 2259 Atheniensem
996 2194 1073 2259 belli
1094 2195 1235 2279 peritum

230 2282 262 2342 et
288 2279 329 2342 ob
358 2280 485 2344 exilium
508 2279 660 2343 infestum
682 2279 865 2345 Alexandro
889 2319 930 2329 —
955 2284 1072 2368 quippe
1094 2281 1235 2348 Athenis

228 2368 357 2431 iubente
381 2389 417 2432 eo
436 2367 541 2431 fuerat
559 2368 707 2451 expulsus
725 2404 763 2414 -
778 2371 959 2453 percontari
977 2372 1090 2456 coepit,
1113 2373 1235 2436 satisne

178 2476 209 2526 11
229 2455 259 2520 ei
280 2457 440 2521 videretur
461 2456 637 2520 instructus
656 2455 696 2520 ad
716 2457 923 2522 obterendum
939 2459 1074 2524 hostem.
1108 2457 1156 2522 At
1175 2463 1236 2543 ille,

229 2548 261 2609 et
283 2567 358 2610 suae
382 2544 477 2610 sortis
498 2548 529 2608 et
546 2545 652 2629 regiae
672 2546 837 2628 superbiae
856 2547 988 2612 oblitus:
1011 2546 1167 2633 ‘Verum'‚
1192 2551 1236 2612 in·

230 2634 311 2716 quit,
343 2633 392 2698 ‘et
419 2637 456 2697 tu
482 2632 619 2698 forsitan
646 2634 754 2697 audire
780 2633 870 2698 noles
897 2638 929 2698 et
956 2655 1029 2720 ego,
1061 2637 1126 2700 nisi
1147 2657 1236 2701 nuno

178 2740 210 2790 12
229 2719 350 2805 dixero,
380 2723 458 2786 alias
485 2722 678 2806 nequiquam
709 2721 892 2786 confitebor.
937 2723 998 2788 Hie
1024 2725 1108 2788 tenti
1136 2745 1236 2808 appa-

228 2810 316 2871 ratus
350 2811 517 2896 exercitus,
548 2810 626 2874 haec
657 2812 708 2874 tot
734 2809 879 2893 gentium
906 2814 940 2874 et
965 2812 1064 2877 totius
1093 2811 1236 2878 Orientis

229 2897 331 2959 excita
358 2897 485 2962 sedibus
509 2899 574 2962 suis
597 2899 697 2963 moles
719 2898 864 2962 finitimis
886 2901 995 2983 potest
1017 2921 1085 2965 esse
1106 2902 1236 2966 terribi-

228 2985 281 3048 lis:
311 2985 394 3048 nitet
415 3006 557 3068 purpura
579 3007 732 3070 auroque,
759 2986 864 3071 fulget
886 2989 982 3052 armis
1007 2992 1040 3052 et
1062 2989 1237 3072 opulentia

229 3077 396 3156 quantam,
428 3073 482 3157 qui
510 3075 608 3138 oculis
635 3095 701 3139 non
725 3075 898 3158 subiecere,
931 3077 1045 3141 animis
1068 3077 1237 3162 concipere

177 3181 209 3230 13
228 3182 294 3224 non
317 3164 461 3244 possunt.
492 3158 553 3224 Sed
567 3161 777 3227 Macedonum
801 3162 893 3248 acies,
914 3166 1008 3228 torva
1032 3187 1108 3229 sane
1130 3169 1164 3230 et
1187 3168 1236 3229 in·

228 3249 326 3327 culta,
359 3249 466 3331 clipeis
493 3248 658 3334 hastisque
686 3251 864 3315 immobiles
892 3273 1008 3316 cuneos
1035 3257 1067 3317 et
1090 3253 1236 3319 conferta

227 3337 344 3400 robora
362 3338 501 3401 virorum
520 3338 609 3422 tegit.
647 3337 714 3422 Ipsi
731 3339 925 3424 phalangem
943 3345 1068 3424 vocant,
1091 3343 1235 3425 peditum

230 3425 343 3488 stabile
363 3446 494 3510 agmen:
516 3426 566 3489 vir
584 3426 662 3510 viro,
685 3427 781 3492 armis
805 3448 894 3491 arma
917 3432 1065 3493 conserta
1084 3434 1171 3494 sunt:
1196 3430 1235 3494 ad

229 3517 344 3576 nutum
370 3514 531 3577 monentis
558 3514 672 3578 intenti
702 3516 791 3598 sequi
819 3515 927 3600 signa,
959 3516 1085 3582 ordines
1109 3539 1235 3582 servare

176 3620 209 3670 14
229 3600 414 3666 didicerunt.
457 3600 550 3676 Quod
575 3603 765 3685 imperatur,
793 3622 903 3666 omnes
927 3604 1113 3670 exaudiunt:
1150 3606 1235 3670 obsi
