2600 4096
189 189 253 254 180
558 186 589 252 Q.
610 187 720 242 culm
737 187 824 242 RUFI

188 334 259 418 quis
286 333 373 416 ipsos
401 330 555 395 beneficio
584 353 679 414 quarn
706 331 825 396 iniuria
853 332 992 416 experiri
1014 333 1186 416 maluisset,

152 435 169 484 9
188 425 365 486 certaturos
388 419 503 502 fuisse,
530 440 570 482 ne
594 420 796 484 vincerentur
819 419 935 486 officio.
980 419 1184 504 Interrogati-

189 531 259 595 que,
277 531 340 594 quc
359 508 493 592 pignore
511 507 607 570 fidem
627 507 803 592 obligaturi
822 511 937 591 essent,
959 509 1069 592 vitam,
1092 531 1185 593 quam

189 599 382 681 acciperent,
404 595 535 679 pignori
557 595 697 660 futuram
726 617 794 660 esse
817 595 979 661 dixerunt:
1001 596 1187 681 reddituros,

188 685 377 770 quandoque
391 683 571 766 repetisset.
598 679 668 747 Nec
680 684 873 766 promissum
887 683 1078 750 fefellerunt.
1103 683 1188 749 Nam

188 775 245 859 qui
270 772 398 836 remissi
430 770 541 836 domos
570 774 674 855 erant,
704 771 767 835 fide
795 773 979 837 continuere
1006 774 1187 856 populares:

189 864 340 946 quattuor
362 860 447 923 inter
470 859 615 924 custodes
640 860 779 943 corporis
803 860 919 924 retenti
941 860 1023 924 nulli
1044 859 1187 926 Macedo-

189 971 267 1014 num
292 949 326 1011 in
348 968 457 1032 regem
482 949 615 1012 caritate
640 951 812 1012 cesserunt.

138 1050 170 1098 10
275 1035 314 1100 ln
341 1035 511 1120 Sogdianis
538 1037 693 1101 Peucolao
721 1057 793 1100 cum
820 1054 860 1101 111
887 1037 1020 1102 milibus
1047 1037 1242 1120 peditum40

188 1163 232 1172 -
256 1125 465 1209 nequeenim
493 1125 614 1189 maiore
636 1123 795 1208 praesidio
820 1124 989 1209 indigebat
1013 1161 1051 1171 -
1075 1124 1189 1189 relicto

188 1213 307 1278 Bactra
334 1213 489 1295 pervenit.
534 1211 613 1276 Inde
635 1211 768 1277 Bessum
797 1212 964 1277 Ecbatana
991 1213 1064 1278 duci
1087 1213 1192 1297 iussit,

138 1315 169 1362 11
189 1301 356 1366 interfecto
380 1301 485 1365 Dareo
513 1322 631 1383 poenas
655 1301 760 1383 capite
786 1302 1034 1384 persoluturum.
1083 1300 1191 1366 Isdem

189 1391 255 1455 fere
270 1389 382 1454 diebus
396 1389 598 1454 Ptolemaeus
618 1391 650 1453 et
663 1388 875 1453 Melamnidas
889 1389 1033 1473 peditum
1046 1405 1087 1453 111
1101 1389 1193 1454 milia

141 1491 170 1539 12
190 1481 223 1543 et
240 1478 364 1563 equites
381 1476 472 1540 mille
487 1477 686 1541 adduxerunt
699 1478 843 1542 mercede
857 1478 1061 1542 militaturos.
1087 1476 1192 1541 Asan-

190 1568 245 1631 der
269 1587 394 1651 quoque
417 1587 456 1628 ex
478 1563 578 1647 Lycia
601 1586 673 1628 curn
695 1566 768 1648 pari
789 1587 922 1630 numero
945 1564 1089 1648 peditum
1112 1569 1144 1630 et
1166 1584 1192 1630 Ι)

190 1655 351 1738 equitibus
374 1653 470 1717 venit.
509 1653 658 1717 Totidem
682 1675 720 1717 ex
739 1651 833 1735 Syria
854 1653 1121 1737 Asclepiodorum
1144 1676 1194 1718 se·

189 1743 383 1828 quebantur:
405 1741 579 1823 Antipater
599 1739 793 1806 Graecorum
811 1759 877 1806 v111
890 1741 990 1825 milia,
1009 1743 1044 1805 in
1061 1743 1131 1825 quis
1145 1759 1194 1808 Dc

139 1844 170 1893 13
191 1832 315 1915 equites
343 1833 447 1912 erant,
476 1831 616 1894 miserat.
660 1828 774 1914 Itaque
802 1830 942 1894 exercitu
965 1833 1059 1894 aucto
1082 1829 1123 1894 ad
1146 1853 1195 1913 ea,

189 1942 269 2003 quae
297 1917 474 1982 defectione
501 1917 631 1981 turbata
658 1921 763 2002 erant,
795 1917 1003 2000 conponenda
1033 1919 1196 2000 processit

189 2006 428 2088 interfectisque
467 2005 737 2070 consternationis
769 2006 954 2070 auctoribus
992 2009 1107 2089 quarto
1139 2006 1196 2071 die

191 2095 230 2158 ad
261 2094 380 2157 flumen
408 2091 511 2156 Oxum
539 2097 729 2177 perventum
757 2097 814 2158 est.
863 2093 940 2178 Hic,
971 2094 1047 2176 quia
1078 2094 1197 2158 limum

139 2194 171 2242 14
190 2181 293 2264 vehit,
320 2180 465 2244 turbidus
493 2202 632 2265 semper,
658 2181 834 2246 insalubris
862 2185 913 2246 est
934 2182 1034 2265 potui.
1078 2181 1197 2267 Itaque

190 2273 305 2353 puteos
337 2269 430 2332 miles
464 2272 612 2352 coeperat
642 2270 751 2334 fodere
773 2292 832 2334 nec
863 2273 974 2333 tamen
999 2269 1097 2334 humo
1126 2271 1198 2336 alte

190 2360 301 2442 egesta
319 2355 478 2421 existebat
495 2357 620 2422 humor.
656 2357 738 2422 Turn
751 2358 785 2421 in
799 2359 869 2441 ipso
883 2358 1091 2423 tabernaculo
1105 2361 1197 2442 regis

190 2449 378 2530 conspectus
401 2448 450 2509 est
471 2444 558 2528 fons,
585 2467 678 2529 quem
703 2447 778 2531 quia
800 2445 890 2510 tarde
914 2450 1118 2528 notaverant,
1140 2469 1197 2512 su-

189 2537 258 2601 bito
282 2535 426 2599 extitisse
449 2533 621 2598 finxerunt:
643 2557 761 2619 rexque
779 2529 848 2618 ipse
867 2534 953 2598 credi
970 2535 1082 2617 voluit,
1103 2536 1199 2600 mm

139 2625 309 2690 redonum
331 2623 366 2688 id
387 2622 496 2688 fuisse.
542 2621 706 2706 Superatis
735 2623 848 2687 deinde
875 2623 1025 2687 amnibus
1048 2621 1135 2688 Ocho
1160 2628 1199 2688 ct

191 2711 260 2776 Oxo
293 2711 333 2775 ad
362 2712 475 2775 urbem
502 2709 703 2794 Margianam
734 2711 889 2795 pervenit.
938 2709 1031 2776 Circa
1057 2731 1129 2774 eam
1154 2729 1198 2777 vl

191 2798 315 2883 oppidis
339 2799 510 2864 condendis
537 2799 640 2863 electa
666 2799 756 2864 sedes
785 2802 848 2864 est:
879 2799 941 2865 duo
965 2799 1005 2863 ad
1026 2798 1198 2865 meridiem

189 2909 297 2970 versa,
320 2904 373 2950 1111
392 2887 571 2971 spectantia
593 2888 751 2952 orientem
768 2888 904 2953 modicis
922 2887 1006 2951 inter
1025 2908 1059 2951 se
1079 2888 1197 2971 spatiis

190 2976 367 3056 distabant,
393 2995 433 3038 ne
460 2976 572 3058 procul
596 2977 803 3060 repetendum
827 2978 912 3040 essct
934 2977 1082 3039 mutuum
1106 2977 1198 3040 auxi·

139 3075 171 3124 lo
189 3064 277 3128 lium.
326 3061 415 3127 Haec
443 3064 550 3128 omnia
578 3064 641 3128 sita
668 3068 744 3128 sunt
770 3064 805 3128 in
829 3064 922 3129 editis
945 3063 1097 3129 collibus:
1124 3068 1199 3130 tum

190 3153 279 3216 velut
296 3150 380 3215 freni
398 3150 590 3220 domitarum
609 3153 766 3237 gentium,
786 3174 871 3216 nunc
890 3151 1025 3236 originis
1044 3174 1121 3217 suae
1140 3153 1197 3218 ob·

190 3241 250 3305 lita
270 3239 428 3324 serviunt,
451 3240 567 3323 quibus
589 3241 836 3325 imperavenmt.

616 3397 695 3464 Car.
718 3398 772 3463 XI.

156 3523 168 3565 1
279 3505 324 3569 nt
347 3507 454 3570 cetera
472 3504 601 3589 quidem
619 3507 791 3586 pacaverat
808 3527 872 3569 rex.
912 3503 986 3570 Una
1004 3509 1073 3570 erat
1092 3510 1198 3592 petra,
1209 3521 1245 3584 41

192 3615 289 3677 quam
321 3593 486 3658 Arimazes
522 3590 700 3676 Sogdianus
729 3610 804 3657 xxx
834 3593 965 3658 milibus
999 3597 1199 3662 armatorum
