2602 4094
200 163 266 228 282
573 163 606 230 Q.
624 164 736 220 cmm
751 163 839 220 RUFI

147 321 183 372 20
199 307 381 394 potiorem?
423 307 554 374 Obortis
581 307 695 373 deinde
721 310 865 374 lacrimis
893 309 1041 374 diadema
1062 310 1194 374 detrahit

201 398 315 482 capiti,
339 397 519 480 dexteram,
546 419 611 483 qua
630 397 666 461 id
685 398 832 480 tenebat,
859 399 1070 480 protendens,
1097 404 1141 481 ut,
1165 401 1194 463 si

148 486 274 571 21quis
300 507 335 551 se
364 485 544 570 digniorem
574 485 790 569 profiteretur,
823 487 989 569 acciperet
1037 486 1196 570 Ingentem

201 597 291 659 spem
317 575 436 640 indolis
458 579 534 638 ante
561 595 633 638 eum
657 574 742 638 diem
762 574 874 638 fratris
899 575 1047 640 claritate
1076 597 1197 658 oppres

201 685 257 728 sae
278 668 346 728 tam
368 662 537 726 moderata
561 663 714 726 excitavit
736 664 848 727 oratio.
892 661 1006 747 ltaque
1027 665 1131 728 cuncti
1151 665 1197 726 in-

202 756 289 817 stare
325 755 511 834 coeperunt,
546 755 598 834 ut,
633 773 716 835 quae
751 751 922 834 agitasset,
953 753 1068 835 exequi
1097 752 1198 816 vellet

147 851 183 900 aa
201 839 343 905 Eosdem
363 861 475 903 rursus
500 838 591 924 legat
607 841 779 922 petituros,
801 842 839 903 ut
855 838 1056 924 Meleagrum
1072 841 1199 904 tertium

201 929 313 994 ducem
329 927 519 1011 acciperent
554 925 650 992 Haud
669 949 763 1012 aegre
781 927 814 991 id
831 928 1030 1011 inpetratum
1048 934 1106 1010 est,
1126 950 1199 992 nam

202 1018 236 1081 et
261 1016 417 1081 abducere
443 1015 643 1098 Meleagrum
668 1014 822 1080 Perdicca
843 1037 864 1079 a
888 1037 966 1102 rege
997 1016 1145 1099 cupiebat
1168 1021 1200 1080 et

149 1116 183 1166 23
202 1126 302 1168 unum
325 1105 450 1169 duobus
476 1105 622 1187 inparem
642 1103 788 1168 futurum
809 1126 879 1168 esse
902 1105 1062 1169 censebat
1100 1104 1199 1190 Igitur

200 1191 365 1278 Meleagro
383 1214 456 1258 cum
474 1192 637 1276 phalange
655 1192 783 1257 obviam
803 1213 934 1276 egresso
951 1193 1102 1258 Perdicca
1118 1193 1199 1277 equi·

200 1285 270 1345 tum
301 1287 426 1346 turmas
457 1281 648 1345 antecedens
684 1282 830 1345 occurrit
878 1280 1059 1367 Utrumque
1091 1303 1201 1366 agmen

201 1373 314 1435 mutua
340 1369 535 1434 salutatione
561 1369 648 1433 facta
675 1370 741 1434 coit
765 1371 801 1432 in
829 1373 1034 1453 perpetuum,
1061 1374 1099 1435 ut
1123 1370 1202 1435 arbi-

200 1459 380 1541 trabantur,
403 1456 575 1522 concordia
596 1459 630 1520 et
650 1479 730 1540 paee
752 1459 891 1522 firmata

626 1615 706 1682 css.
728 1615 783 1680 IX

168 1735 182 1782 1
290 1720 352 1788 Sed
383 1723 449 1787 iam
479 1721 557 1786 fatis
593 1722 845 1787 admovebantur
875 1720 1087 1787 Macedonum
1116 1723 1245 1808 gentile

203 1812 290 1876 bella
307 1811 429 1894 civilia,
447 1833 523 1875 narn
542 1815 575 1875 et
591 1811 780 1875 insociabile
798 1814 849 1875 est
869 1831 1005 1894 regnum
1023 1816 1057 1875 et
1075 1834 1094 1875 a
1111 1812 1205 1894 pluri·

166 1901 262 1965 abus
282 1899 501 1983 expetebatur.
535 1898 680 1963 Primum
702 1919 779 1982 ergo
801 1899 958 1964 conlisere
975 1900 1073 1983 vires,
1095 1900 1205 1964 deinde

202 1988 433 2071 disperserunt:
456 1993 489 2052 et
515 2009 588 2052 cum
609 1987 754 2070 pluribus
776 2007 905 2070 corpus,
933 2010 1029 2072 quam
1052 1989 1207 2072 capiebat,

202 2077 352 2158 capitolare
387 2080 590 2159 onerassent,
626 2080 731 2140 cetera
761 2077 906 2140 membra
936 2075 1069 2140 deficere
1101 2098 1207 2160 eoepe

167 2168 278 2229 erunt
305 2164 451 2248 quodque
474 2165 644 2246 imperium
666 2163 726 2229 sub
749 2185 812 2228 uno
832 2169 918 2228 stare
936 2165 1110 2247 potuisset,
1133 2166 1207 2230 dum

204 2275 223 2317 a
248 2252 395 2336 pluribus
428 2252 618 2336 sustinetur,
648 2252 723 2316 ruit
769 2251 909 2317 Proinde
934 2251 1003 2317 iure
1029 2254 1208 2338 meritoque

202 2342 340 2426 pupulus
363 2340 527 2406 Romanus
551 2340 691 2405 salutem
713 2361 748 2405 se
769 2341 908 2426 principi
927 2363 985 2406 suo
1004 2342 1120 2406 debere
1137 2364 1208 2425 pro-

202 2430 325 2514 fitetur,
353 2430 408 2514 qui
430 2429 547 2512 noctis,
574 2451 671 2514 quam
696 2451 798 2513 paene
825 2451 1006 2513 supremam
1027 2429 1209 2514 habuimus,
1278 2453 1279 2472 ¹

168 2529 323 2585 *novum
347 2519 434 2584 sidus
457 2518 582 2583 inluxit
626 2515 732 2581 Huius
759 2518 901 2601 hercule,
927 2539 993 2582 nun
1016 2519 1095 2583 selis
1119 2523 1208 2584 ortus

203 2608 308 2672 lucem
335 2608 491 2692 caliganti
517 2606 656 2670 reddidit
678 2605 810 2686 mundo,
835 2627 907 2671 cum
930 2607 999 2671 sine
1022 2629 1080 2671 suo
1104 2607 1209 2690 capite
1278 2657 1279 2686 ,

168 2695 362 2760 bdiscordia
385 2696 529 2760 membra
550 2692 758 2777 trepidarent
794 2693 882 2770 Quot
902 2695 1051 2783 illatum
1073 2696 1210 2760 extinxit
1278 2709 1279 2712 ’

202 2783 303 2848 faces!
340 2788 419 2866 quot
450 2783 592 2849 condidit
623 2782 760 2867 gladios!
794 2787 948 2866 quantam
984 2786 1211 2866 tempestatem

205 2872 312 2936 subita
335 2872 505 2936 serenitate
528 2871 692 2936 discussit!
720 2870 797 2936 Non
814 2891 892 2955 ergo
911 2870 1079 2936 revirescit
1097 2872 1211 2959 solum,
1278 2941 1279 2972 ,

169 2960 261 3025 esed
288 2959 387 3023 etiam
414 2959 507 3024 floret
533 2960 713 3043 imperium.
754 2958 851 3024 Absit
878 2958 973 3024 modo
996 2959 1131 3042 invidia,
1160 2982 1211 3025 ex·
1278 2991 1279 3040 ,

205 3048 302 3131 cipiet
326 3047 423 3111 huius
451 3049 571 3112 saeculi
600 3052 747 3131 tempera
774 3046 916 3111 eiusdem
944 3046 1057 3112 domus
1086 3049 1211 3113 utinam
1278 3071 1279 3078 ¹

169 3139 372 3220 uperpetua,
400 3139 486 3199 certe
514 3136 664 3200 diuturna
690 3136 873 3221 posteritas.
919 3132 1081 3220 Ceterum,
1108 3140 1145 3201 ut
1170 3137 1212 3202 ad
1278 3153 1279 3164 ¹

206 3223 362 3302 ordinem,
390 3244 495 3307 aquo
523 3246 574 3288 me
606 3224 836 3307 contemplatio
868 3224 1016 3307 publicae
1043 3225 1211 3290 felicitatis

206 3316 377 3393 averterat,
405 3311 542 3394 redeam,
563 3312 714 3377 Perdicca
737 3313 865 3377 unicam
888 3335 978 3395 spem
1002 3313 1116 3379 salutis
1136 3336 1213 3379 suae

205 3400 240 3464 in
258 3399 416 3484 Meleagri
433 3403 537 3464 morte
555 3401 709 3482 ponebat:
732 3422 851 3465 vanum
871 3400 1008 3466 eundem
1027 3406 1060 3465 εὴ
1077 3402 1213 3468 infidum

103 3503 113 3524 ⁸
206 3487 414 3571 celeriterque
442 3509 493 3552 res
520 3493 714 3552 novaturum
742 3492 775 3553 et
801 3488 865 3552 sibi
893 3489 1031 3553 maxime
1059 3490 1212 3556 infestum

171 3573 427 3657 soecupandum
457 3594 534 3638 esse.
581 3573 641 3638 Sed
671 3576 737 3639 elta
759 3576 1017 3644 dissimulatione
1041 3580 1211 3644 consilium
