2582 4098
215 207 277 271 116
587 205 619 272 Q.
638 203 749 261 cuam
765 203 853 260 RUFI

179 351 343 416 'ldinibus
370 351 469 416 effuse
495 350 649 414 fluentem
674 347 709 412 in
736 370 772 414 se
798 350 901 414 aciem
928 370 1088 434 excepere.
1148 349 1222 416 Non

214 439 302 506 aliud
329 439 502 504 discrimen
529 436 749 502 vehementius
777 437 878 505 fuisse
908 437 1083 502 memoriae
1113 439 1222 523 prodi-

215 533 286 594 tum
305 531 364 593 est
403 526 550 592 Duarum
565 525 843 590 nobilissimarum
860 525 948 590 bello
966 526 1118 610 gentium
1138 549 1222 592 exer·

180 619 298 682 8citus
328 615 401 702 pari
430 612 536 678 Marte
570 613 769 698 pugnabant
824 612 1072 679 Lacedaemonii
1103 619 1222 700 vetera

214 703 406 771 Macedones
419 702 604 785 praesentia
618 701 733 767 decora
745 701 968 766 intuebantur:
985 701 1034 766 illi
1051 724 1115 787 pro
1130 703 1222 770 liber

214 797 297 876 tate,
327 791 364 856 bi
388 811 448 875 pro
477 787 695 854 dominatione
722 790 927 874 pugnabant:
956 789 1222 858 lacedaemoniis

180 880 293 963 adux,
324 877 554 943 Macedonibus
581 877 672 943 locus
698 878 816 943 deerat
864 876 939 943 Diei
966 899 1094 962 quoque
1128 882 1222 946 unius

215 974 285 1033 tam
302 967 473 1051 multiplex
495 987 589 1032 casus
611 965 707 1031 modo
726 987 826 1051 spem,
846 967 943 1031 modo
961 970 1085 1031 metum
1103 971 1223 1035 utrius·

217 1078 278 1140 que
299 1056 404 1139 partis
426 1054 580 1140 augebat,
606 1055 696 1121 velut
722 1054 762 1118 de
788 1054 949 1120 industria
972 1055 1057 1120 inter
1083 1055 1224 1123 fortissi-

166 1165 198 1214 ιο
215 1166 287 1211 mos
313 1143 402 1209 viros
428 1149 590 1208 certamen
617 1145 774 1227 aequante
800 1143 940 1208 fortuna
988 1140 1145 1210 Getarum
1174 1168 1223 1211 au·

217 1232 345 1318 gustiae
367 1231 443 1316 loci,
465 1231 501 1297 in
523 1253 586 1315 quo
609 1230 758 1296 haeserat
779 1249 902 1316 pugna,
923 1253 990 1297 non
1012 1232 1224 1315 patiebantur

216 1322 296 1387 totis
323 1320 449 1406 ingredi
476 1318 614 1385 viribus:
645 1319 835 1404 spectabant
865 1339 943 1405 ergo
968 1321 1092 1405 plures,
1126 1342 1224 1407 quam

216 1410 358 1476 inierant
373 1409 541 1493 proelium,
563 1410 597 1473 et
623 1408 679 1492 qui
701 1411 792 1472 extra
813 1407 871 1472 teli
892 1409 1013 1474 iactum
1035 1413 1143 1494 erant,
1167 1412 1224 1477 cla·

170 1511 196 1561 ιι
217 1520 304 1568 mora
334 1498 472 1563 invicem
504 1516 579 1560 suos
610 1495 834 1561 accendebant
884 1495 1028 1561 Tandem
1056 1491 1244 1565 Laconum?

217 1588 301 1654 acies
323 1587 543 1670 languescere,
569 1583 694 1649 lubrica
720 1606 810 1648 arma
836 1584 951 1649 sudore
973 1585 1029 1650 rix
1051 1586 1224 1672 sustinens,

216 1676 331 1760 pedem
352 1673 466 1738 deinde
489 1671 608 1736 referre
631 1672 737 1756 coepit
759 1676 792 1736 et
812 1676 948 1757 urgente
967 1673 1061 1738 hoste
1079 1677 1224 1758 apertius

167 1778 198 1826 ra
216 1765 337 1849 fugere.
364 1761 597 1845 Insequebatur
609 1760 783 1844 dissipatos
796 1760 901 1825 victor
914 1765 948 1825 et
962 1782 1112 1827 emensus
1126 1784 1224 1830 cursu

218 1874 313 1917 omne
336 1850 491 1935 spatium,
513 1849 598 1933 quod
621 1849 705 1914 acies
722 1847 884 1914 Laconum
903 1850 1098 1934 obtinuerat,
1115 1851 1224 1936 ipsum

168 1955 199 2002 13
217 1939 306 2024 Agin
324 1938 582 2023 persequebatur.
613 1937 675 2001 Ille
690 1941 729 2000 ut
741 1936 854 2021 fugam
867 1958 998 2003 suorum
1011 1941 1045 2004 et
1057 1940 1224 2023 proximos
1275 1889 1277 2010 l

167 2041 200 2089 14
217 2027 360 2091 hostium
378 2026 554 2110 conspexit,
575 2025 693 2110 deponi
711 2046 746 2089 se
764 2025 874 2090 iussit:
892 2030 1107 2112 expertusque
1125 2049 1224 2094 mem·
1276 2021 1278 2150 l

217 2115 285 2198 bra,
308 2134 351 2177 an
373 2113 530 2197 impetum
552 2113 653 2177 animi
676 2113 767 2196 sequi
787 2117 929 2198 possent,
950 2119 1125 2200 postquam
1149 2117 1223 2182 defi·

218 2223 289 2266 cere
312 2201 424 2284 sensit,
444 2200 624 2285 poplitibus
646 2205 749 2265 semet
771 2202 896 2285 excepit
918 2203 1075 2287 galeaque
1093 2207 1222 2270 strenue
1277 2255 1278 2268 ,

219 2293 349 2374 sumpta
370 2289 475 2372 clipeo
497 2291 669 2373 protegens
687 2309 803 2373 corpus
820 2287 951 2354 hastam
969 2291 1100 2357 dextera
1119 2293 1223 2358 vibra·
1277 2321 1278 2342 κ

218 2380 285 2460 bat,
302 2378 388 2442 ultro
406 2397 526 2442 vocans
544 2377 681 2461 hostem,
699 2377 728 2441 si
746 2378 818 2462 quis
836 2378 955 2443 iacenti
973 2379 1078 2463 spolia
1095 2379 1223 2446 demere

167 2483 199 2532 15
219 2466 361 2532 auderet.
403 2463 472 2532 Nec
491 2465 661 2549 quisquam
682 2465 755 2549 fuit,
777 2466 834 2549 qui
851 2468 1028 2532 sustineret
1044 2469 1223 2536 comminus

219 2554 383 2641 congredi:
413 2554 526 2638 procul
557 2553 733 2619 missilibus
766 2553 991 2639 adpetebatur,
1017 2576 1055 2622 ea
1085 2556 1160 2640 ipsa
1191 2559 1224 2623 in

217 2645 344 2709 hostem
373 2648 573 2728 retorquens,
603 2642 703 2707 donec
729 2642 842 2707 lancea
866 2644 952 2708 nudo
979 2645 1103 2727 pectori
1125 2646 1224 2711 infixa

219 2736 283 2798 est:
316 2753 380 2816 qua
411 2753 450 2796 ex
480 2731 612 2795 vulnere
641 2730 751 2795 evolsa
780 2731 972 2796 inclinatum
1003 2753 1042 2797 ac
1074 2733 1223 2800 deficiens

218 2823 316 2904 caput
338 2820 441 2904 clipeo
463 2818 628 2904 paulisper
651 2818 787 2902 excepit,
813 2818 889 2884 dein
914 2820 1080 2905 linquente
1108 2822 1223 2907 spiritu

218 2909 340 2994 pariter
371 2929 408 2974 ac
440 2909 597 2992 sanguine
628 2907 838 2972 moribundus
864 2908 899 2972 in
927 2929 1017 2973 arma
1041 2910 1223 2994 procubuit

168 3015 200 3063 rc
219 2996 370 3063 Cecidere
392 2994 719 3061 Lacedaemoniorum
737 3017 758 3060 v
775 2996 866 3059 milia
883 3000 917 3061 et
935 3017 996 3080 ccc,
1020 3018 1059 3061 ex
1076 2996 1223 3064 Macedo-

217 3086 312 3151 nibus
331 3084 418 3150 haud
442 3084 581 3168 amplius
603 3084 705 3148 mille:
728 3086 868 3149 ceterum
891 3085 944 3150 rix
967 3085 1139 3170 quisquam
1161 3088 1224 3152 nisi

219 3174 346 3239 saucius
368 3172 503 3238 revertit
524 3173 559 3237 in
581 3175 696 3237 eastra.

305 3261 394 3326 Haec
416 3260 552 3326 victoria
577 3282 643 3325 non
665 3257 816 3344 Spartam
839 3261 934 3326 modo
957 3262 1126 3348 sociosque
1149 3263 1248 3348 eius,3

219 3351 274 3416 sed
289 3351 387 3415 etiam
401 3350 516 3433 omnis,
535 3349 590 3434 qui
602 3348 766 3414 fortunam
780 3349 859 3413 belli
871 3352 1105 3436 spectaverant,
1119 3351 1225 3438 fregit

167 3459 200 3507 17
219 3437 287 3505 Nec
313 3438 449 3503 fallebat
477 3437 688 3521 Antipatrum
715 3437 884 3502 dissentire
912 3438 954 3503 ab
977 3439 1092 3504 animis
1117 3447 1225 3526 gratu·

76 3561 79 3570 ⁴
218 3528 356 3592 lentium
383 3527 505 3609 vultus,
532 3525 589 3589 sed
614 3525 735 3589 bellum
760 3526 851 3590 finire
879 3527 1023 3609 cupienti
1049 3549 1131 3614 opus
1159 3533 1226 3595 erat

220 3615 330 3699 decipi.
365 3613 411 3679 Et
424 3634 619 3698 quamquam
631 3612 763 3677 fortuna
778 3634 885 3677 rerum
898 3614 1059 3700 placebat,
1071 3617 1225 3682 invidiam
