2602 4094
228 187 294 252 256
313 188 345 253 Q.
356 185 465 244 cuam
475 187 558 243 RUFI
568 186 820 243 HISTORIARUM
830 187 1044 243 ALEXANDRI
1053 187 1140 256 VIIII,
1155 193 1200 242 10.

179 345 210 394 23
229 331 307 397 tuit:
334 353 424 398 arma
451 351 576 416 quoque
600 332 640 397 ad
666 332 839 415 pristinum
861 330 982 396 refecta
1005 335 1080 396 sunt
1103 333 1232 414 cultum,

231 421 349 506 quippe
367 420 453 486 haud
470 419 582 503 procul
597 419 757 485 ePerside
772 421 906 484 aberant
918 440 985 484 non
998 424 1114 503 pacata
1129 420 1233 502 modo,

177 523 212 572 24
230 509 285 574 sed
304 513 401 574 etiam
420 508 581 591 opulenta.
615 508 729 594 Igitur,
747 511 785 573 ut
801 529 899 591 supra
917 507 1110 592 dictumest,
1129 530 1232 572 aemu-

229 597 315 664 latus
339 595 445 662 Patris
466 595 576 661 Liberi
597 618 663 661 non
685 597 822 682 gloriam
846 597 962 678 solum,
985 618 1082 681 quam
1105 618 1144 661 ex
1169 596 1232 660 illis

230 687 381 770 gentibus
412 685 649 769 deportaverat,
681 685 736 750 scd
769 685 866 749 etiam
895 683 1030 768 famam,
1063 685 1129 751 sive
1151 683 1232 749 illud

229 773 413 858 triumphus
432 772 496 836 fuit
514 774 555 838 ab
574 795 613 839 eo
631 774 771 858 primum
789 773 971 856 institutus,
994 773 1062 838 sive
1080 773 1232 839 bacchan-

229 863 311 928 tium
341 863 444 942 lusus,
476 862 591 926 statuit
621 862 758 945 imitari,
792 861 898 926 animo
933 881 1029 944 super
1059 861 1232 926 humanum

178 966 212 1015 25
230 949 397 1035 fastigium
425 949 519 1014 elato.
563 949 675 1033 Vicos,
705 971 763 1033 per
790 971 870 1033 quos
901 949 963 1014 iter
986 954 1071 1033 erat,
1101 950 1231 1014 floribus

231 1039 421 1123 coronisque
458 1039 558 1103 sterni
593 1039 696 1123 iubet,
732 1037 898 1102 liminibus
935 1037 1062 1102 aedium
1093 1041 1230 1103 crateras

230 1128 306 1193 vino
337 1128 478 1211 repletas
506 1131 539 1192 et
566 1127 630 1192 alia
657 1126 792 1191 eximiae
819 1125 1051 1210 magnitudinis
1073 1148 1151 1192 vasa
1173 1127 1231 1190 dis-

230 1216 323 1301 poni,
344 1215 493 1281 vehicula
515 1215 627 1280 deinde
650 1217 824 1298 constrata,
852 1219 888 1278 ut
910 1214 1019 1298 plures
1042 1236 1154 1298 capere
1177 1214 1230 1278 mi·

231 1305 306 1369 lites
335 1308 479 1389 possent,
505 1305 540 1368 in
565 1305 845 1369 tabernaculorum
868 1303 999 1367 modurn
1021 1303 1142 1386 ornari,
1170 1303 1230 1368 alia

179 1406 213 1455 26
233 1394 374 1459 candidis
397 1392 491 1475 velis,
515 1393 580 1458 alia
601 1395 690 1457 veste
712 1392 860 1476 pretiosa.
904 1390 1006 1455 Primi
1025 1393 1117 1457 ibant
1140 1391 1229 1456 amici

232 1486 266 1548 ct
288 1482 402 1548 cohors
423 1482 514 1565 regia
536 1481 633 1546 variis
657 1480 806 1546 redimita
828 1479 960 1544 floribus
984 1481 1173 1565 coronisque
1192 1515 1226 1525 -

233 1571 313 1636 alibi
334 1570 502 1634 tibicinum
524 1574 646 1654 cantus,
668 1569 746 1634 alibi
764 1570 853 1652 lyrae
871 1590 969 1633 sonus
988 1568 1176 1634 audiebatur
1191 1603 1225 1614 -

232 1661 310 1724 item
338 1657 494 1722 vehiculis
521 1679 581 1742 pro
604 1658 697 1741 copia
719 1657 870 1741 cuiusque
897 1657 1064 1722 adornatis
1085 1657 1227 1723 comissa·

232 1747 360 1812 bandus
387 1747 556 1830 exercitus,
583 1746 695 1830 armis,
721 1767 802 1829 quae
829 1746 968 1810 maxime
995 1745 1110 1812 decora
1134 1749 1228 1825 crant,

233 1835 572 1920 circumpendentibus.
604 1834 715 1919 Ipsum
734 1834 948 1916 convivasque
967 1855 1079 1899 currus
1096 1833 1227 1899 vehebat

233 1925 365 1989 crateris
389 1923 495 1989 aureis
514 1922 717 2006 eiusdemque
735 1923 889 1986 materiae
907 1922 1094 2008 ingentibus
1111 1921 1226 2006 poculis

180 2025 214 2074 2⁷
232 2013 428 2096 praegravis.
475 2011 546 2078 Hoc
577 2011 672 2076 modo
703 2031 761 2094 per
793 2010 858 2074 dies
890 2027 941 2075 vn
970 2010 1224 2076 bacchabundum

234 2121 351 2185 agmen
377 2101 521 2183 incessit,
548 2104 663 2184 parata
689 2098 822 2183 praeda,
851 2099 879 2163 si
903 2098 979 2182 quid
1002 2100 1096 2165 victis
1119 2099 1223 2164 saltem

234 2187 385 2253 adversus
425 2189 633 2252 comissantes
667 2187 766 2252 animi
801 2187 931 2251 fuisset:
971 2187 1062 2252 mille
1097 2186 1221 2267 hercule,-

233 2275 295 2340 viri
317 2275 412 2341 modo
435 2280 469 2340 et
491 2277 603 2359 sobrii,
625 2293 676 2341 vn
699 2276 820 2340 dierum
839 2275 971 2358 crapula
989 2295 1104 2360 graves
1121 2277 1155 2340 in
1172 2293 1218 2339 suo

181 2379 215 2429 as
233 2365 397 2449 triumpho
421 2384 533 2448 capere
555 2366 737 2448 potuerunt.
782 2362 843 2428 sed
865 2363 1009 2448 fortuna,
1037 2363 1218 2448 quaerebas

232 2454 353 2519 famam
371 2454 571 2538 pretiumque
590 2453 769 2534 constituit,
788 2451 849 2516 hoc
867 2473 993 2535 quoque
1011 2453 1148 2518 militiae
1162 2471 1219 2535 pro

233 2545 327 2610 brum
348 2543 448 2608 vertit
469 2543 504 2606 in
524 2541 670 2627 gloriam.
706 2539 752 2605 Et
768 2561 919 2624 praesens
939 2543 1027 2605 aetas
1051 2546 1085 2607 et
1101 2538 1220 2626 posteri·

232 2635 284 2697 tae
303 2631 416 2698 deinde
435 2631 552 2696 mirata
570 2635 628 2712 est,
645 2650 703 2714 per
720 2632 833 2715 gentes
846 2628 988 2693 nondum
1003 2630 1082 2694 satis
1097 2629 1220 2694 domitus

233 2720 401 2784 incessisse
428 2721 635 2800 temulentos,
663 2717 822 2798 barbaris,
853 2717 937 2801 quod
963 2718 1130 2798 temeritas
1156 2717 1224 2797 erat,

182 2818 215 2867 29
234 2805 382 2871 fiduciam
410 2829 479 2874 esse
507 2806 719 2872 credentibus.
763 2804 857 2870 Hune
879 2810 1072 2890 apparatum
1095 2805 1224 2872 carnifex

235 2894 439 2979 sequebatur:
471 2896 587 2980 quippe
618 2898 763 2977 satrapes
793 2894 963 2977 Aspastes,
995 2894 1034 2959 de
1067 2916 1130 2979 quo
1160 2895 1224 2958 ante

182 2995 216 3043 30
235 2983 355 3047 dictum
387 2987 447 3068 est,
480 2984 619 3050 interfici
654 2983 760 3047 iussus
793 2986 855 3046 eet:
893 2983 971 3047 adeo
1003 3003 1062 3047 nec
1093 2981 1225 3048 luxuriae

235 3070 405 3155 quicquam
428 3073 600 3138 crudelitas
623 3093 682 3137 nec
704 3071 887 3135 crudelitati
909 3071 1036 3136 luxuria
1058 3071 1175 3137 obstat.

629 3355 841 3366 Ἥ
