2686 4096
309 169 564 225 HISTORIARUM
582 170 798 225 ALEXANDRI
816 170 879 241 VH,
899 178 923 226 8.
942 177 967 224 9.
1077 168 1140 233 177

133 335 239 399 usque
253 314 293 379 ad
307 315 478 379 Thraciam
497 315 644 380 colimus:
663 313 819 380 Thraciae
833 313 1054 379 Macedoniam
1068 336 1142 380 con·

133 404 280 467 iunctam
300 424 369 467 esse
387 403 475 467 fama
492 403 565 469 fert.
601 401 737 486 Utrique
756 403 890 486 imperio
909 407 966 468 tuo
985 403 1141 468 finitimos

132 491 248 557 hostes
267 512 310 556 an
324 491 445 556 amicos
457 492 632 575 velis-esse,
645 490 832 556 considera'.
867 491 957 556 Haec
975 491 1142 556 barbarus.

558 631 636 697 Gar.
659 631 713 697 IX.

75 782 122 846 35
225 752 346 820 Contra
367 777 423 820 rer
445 754 576 820 fortuna
599 778 658 820 sua
676 759 709 820 ct
726 755 869 820 consiliis
886 777 997 821 eorum
1015 778 1049 821 se
1067 778 1140 820 usu·
1159 759 1174 808 1

133 864 210 908 rum
228 865 297 908 esse
319 842 506 927 respondet:
528 866 604 908 nam
623 847 656 908 et
672 844 846 928 fortunam,
864 846 915 908 cui
934 845 1086 929 confidat,
1107 849 1140 910 et

135 931 306 996 eonsilium
337 931 554 1013 suadentium,
588 953 628 997 ne
660 931 737 1015 quid
768 937 888 997 temere
924 936 957 997 et
990 932 1141 998 audacter

135 1020 250 1098 faciat,
272 1024 464 1085 secuturum.
507 1019 721 1105 Dimissisque
744 1021 860 1104 legatis
879 1022 913 1085 in
929 1026 1139 1105 praeparatas
1158 1024 1175 1073 2

134 1111 225 1172 rates
244 1109 418 1174 exercitum
436 1108 588 1192 inposuit.
623 1107 662 1172 In
679 1108 784 1192 proris
804 1109 958 1192 clipeatos
977 1109 1142 1176 locaverat

135 1197 242 1262 iussos
273 1197 308 1261 in
339 1217 443 1282 genua
474 1197 652 1280 subsidere,
684 1219 747 1283 quo
778 1198 914 1262 tutiores
947 1203 1055 1263 essent
1086 1199 1138 1263 ad-

136 1305 249 1349 versus
272 1285 354 1350 ictus
378 1286 580 1369 sagittarum.
625 1286 705 1350 Post
727 1286 799 1370 hos,
827 1285 883 1369 qui
904 1288 1068 1351 tormenta
1089 1288 1174 1351 ιιι·3

134 1371 317 1456 tenderent,
349 1374 480 1438 stabant
511 1377 543 1437 et
570 1374 609 1437 ab
637 1376 773 1458 utroque
799 1374 900 1438 latere
928 1377 961 1438 et
988 1396 1007 1437 a
1032 1375 1140 1440 fronte

135 1461 324 1526 circumdati
346 1462 489 1526 armatis.
532 1460 675 1546 Reliqui,
704 1463 758 1546 qui
783 1466 858 1546 post
880 1465 1044 1527 tormenta
1067 1485 1140 1528 con·

136 1549 301 1632 stiterunt,
318 1551 473 1634 remigem
490 1551 591 1614 lorica
608 1573 673 1616 non
692 1551 837 1615 indutum
856 1556 1020 1616 scutorum
1038 1553 1140 1616 testu·

136 1638 215 1701 dine
240 1637 357 1702 armati
383 1639 607 1723 protegebant.
650 1638 739 1703 idem
767 1638 844 1704 crdo
867 1639 990 1704 inillis
1015 1641 1176 1723 quoque4

137 1726 277 1808 ratibus,
301 1747 381 1810 quae
405 1727 545 1810 equitem
568 1727 741 1810 vehebant,
764 1731 909 1794 servatus
933 1731 991 1793 est
1035 1728 1141 1793 Maior

137 1836 214 1899 pars
242 1836 262 1878 a
287 1836 394 1898 puppe
422 1819 537 1880 nantes
561 1836 659 1899 equos
683 1817 762 1880 loris
785 1815 945 1880 trahebat.
989 1814 1036 1880 At
1057 1817 1141 1900 illos,

138 1923 219 1987 quos
242 1906 331 1967 utres
355 1906 545 1968 stramento
544 1903 670 1987 repleti
692 1902 865 1987 vehebant,
888 1904 1105 1969 obiectaet
1054 1909 1105 1968 rat
1107 1927 1140 1970 es

137 1991 321 2056 tuebantur.
360 1989 436 2074 Ipse
457 2013 514 2056 rex
536 2013 608 2055 cum
631 1991 761 2056 delectis
780 1952 902 2074 prinius
921 1996 1025 2056 ratem
1043 1992 1177 2057 solvit⁶

139 2079 201 2144 ct
191 2101 225 2143 m
242 2079 346 2163 ripam
365 2080 462 2165 dirigi
480 2080 583 2145 iussit.
621 2078 681 2146 Oui
695 2078 771 2164 Scyt
757 2079 833 2144 thae
847 2080 993 2145 admotos
1013 2081 1140 2147 ordines

139 2167 228 2252 equit
229 2189 283 2232 um
305 2166 341 2231 in
362 2169 466 2251 primo
488 2168 577 2252 ripae
599 2169 744 2253 margine
768 2171 946 2253 opponunt,
968 2172 1005 2233 ut
1027 2192 1066 2234 ne
1090 2171 1142 2235 ad·

137 2256 253 2340 plicari
275 2255 424 2360 quidem·
426 2260 532 2321 terrae
554 2261 640 2321 rates
662 2260 804 2340 possent
844 2254 994 2321 Ceterum
1014 2258 1177 2341 praeter6

137 2345 222 2408 hanc
241 2345 380 2428 speciem
397 2344 477 2429 ripis
494 2345 705 2429 praesidentis
729 2345 932 2430 exercitus,
922 2366 1036 2429 mgens
1054 2347 1142 2411 navi-

140 2435 253 2517 gantes
276 2436 381 2498 terror
398 2434 573 2499 invaserat:
594 2455 733 2518 namque
757 2455 884 2498 cursum
902 2434 1144 2518 gubernatores,

140 2542 213 2584 cum
227 2521 358 2604 obliquo
373 2521 503 2587 flumine
517 2522 760 2606 inpellerentur,
778 2541 889 2604 regere
908 2541 974 2584 non
991 2524 1143 2603 poterant

139 2609 392 2692 vacillantesque
409 2610 530 2675 milites
549 2614 589 2689 ct,
607 2633 647 2675 ne
666 2611 897 2693 excuterentur,
916 2607 1047 2672 solliciti
1064 2629 1143 2674 nau·

139 2701 246 2762 tarum
269 2697 448 2762 ministeria
469 2699 687 2764 turbaverant
726 2697 776 2763 Ne
799 2697 866 2761 tela
888 2695 1015 2780 quidem
1036 2696 1177 2761 conatil

138 2785 214 2850 nisu
235 2785 363 2850 vibrare
385 2789 546 2871 poterant,
570 2809 643 2852 oum
666 2787 755 2872 prior
778 2785 885 2849 standi
908 2785 977 2848 siue
998 2785 1142 2868 periculo

141 2895 237 2958 quam
258 2874 386 2939 hostem
408 2875 588 2940 incessendi
612 2897 687 2939 cura
709 2876 802 2939 esset
848 2872 1023 2938 Tormenta
1046 2874 1144 2939 saluti

138 2962 281 3046 fuerunt,
312 2963 427 3047 quibus
458 2964 492 3027 in
520 2964 681 3029 confertos
709 2984 746 3027 ac
773 2966 893 3026 temere
916 2983 950 3026 se
973 2962 1143 3027 offerentes

138 3050 225 3115 haud
243 3050 326 3116 frust
312 3056 364 3116 tra
383 3073 515 3116 excussa
535 3054 609 3119 sunt
627 3052 701 3116 tela.
735 3050 872 3114 Barbari
891 3072 1015 3135 quoque
1034 3051 1143 3134 ingen·
1162 3051 1181 3096 ⁸

137 3143 207 3203 tem
225 3139 291 3203 viru
311 3141 504 3224 sagittarum
522 3140 667 3204 infudere
685 3141 737 3203 rat
723 3139 859 3203 tibus'
829 3161 945 3223 vixque
963 3139 1066 3202 ullum
1079 3139 1144 3203 fuit
1330 3157 1331 3220 ι

140 3231 281 3311 scutum,
303 3227 388 3312 quod
406 3249 471 3293 non
488 3229 634 3311 pluribus
654 3228 749 3292 simul
768 3227 899 3310 spiculis
918 3227 1142 3310 perforaretur

83 3315 272 3401 callemque
294 3319 400 3381 terrae
423 3320 510 3382 rates
529 3317 781 3400 adplicabautur,
805 3337 876 3380 cum
900 3316 983 3380 acies
1007 3315 1144 3399 clipeata
1162 3315 1180 3362 9
1329 3345 1331 3426 q

138 3403 307 3487 consurgit
325 3408 358 3470 et
370 3405 482 3470 hastas
498 3409 565 3469 cert
566 3428 584 3471 o
598 3405 644 3470 ict
645 3428 665 3469 u
666 3409 806 3488 ,utpote
824 3403 973 3469 libero
940 3425 1024 3487 msu,
1042 3404 1144 3468 mittit

137 3493 313 3558 cratibus.
357 3493 403 3558 ut
421 3494 570 3558 utterrit
572 3515 608 3558 os
630 3494 885 3646 recipientesque
908 3514 1005 3576 equos
1028 3492 1144 3574 videre,

137 3580 262 3648 aiaores
285 3585 355 3646 mut
355 3604 397 3648 ua
340 3581 672 3647 tadhortatione
662 3605 696 3646 ιιι
719 3587 837 3646 terram
862 3579 1016 3643 desilierc.
1062 3579 1140 3643 Τιι-
1163 3580 1195 3630 10

191 3695 282 3736 ῦιιιιιι
296 3695 374 3738 Ram
947 3687 979 3733 12
