2600 4096
496 901 544 1000 Q.
571 899 762 984 CURTI
795 900 947 984 RUFI

595 1054 846 1110 HISTORIARUM

359 1215 798 1315 ALEXANDRI
837 1216 1083 1316 MAGNI

573 1407 864 1474 MACEDONIS

615 1563 724 1618 niusa
741 1563 813 1619 vm.

656 1707 733 1772 Car.
755 1707 780 1772 I.

182 1853 197 1900 1
305 1831 490 1898 Alexander
512 1831 634 1896 maiore
656 1831 745 1896 fama
767 1854 864 1916 quam
887 1832 993 1916 gloria
1012 1833 1045 1898 in
1063 1833 1229 1898 dicioneml

217 1923 346 1988 redacta
367 1925 471 2005 petra,
494 1941 566 1984 cum
585 1923 717 2003 propter
735 1940 853 2004 vagum
871 1920 998 1986 hostem
1021 1922 1208 2008 spargendae

217 2033 332 2074 manus
360 2012 479 2092 essent,
506 2008 541 2072 in
567 2011 632 2072 tres
660 2012 768 2090 partes
796 2008 905 2072 divisit
927 2011 1109 2074 exercitum.
1152 2009 1208 2074 He·

218 2097 441 2182 phaestionem
468 2096 536 2179 uni,
570 2092 701 2160 Coenon
728 2096 823 2160 alteri
851 2096 945 2161 duces
974 2097 1118 2163 dederat:
1150 2099 1209 2182 ipse
1276 2058 1277 2130 l

182 2185 331 2250 acetaria
358 2187 514 2268 praeerat
559 2181 620 2248 Sed
642 2205 708 2248 non
730 2184 840 2249 eadem
863 2205 952 2249 mens
976 2187 1124 2251 omnibus
1146 2187 1209 2251 bar·

216 2273 304 2338 baris
331 2272 402 2337 fuit.
452 2271 561 2334 Armis
589 2273 718 2355 quidam
746 2273 884 2357 subacti,
914 2272 1023 2356 plures
1052 2278 1127 2339 ante
1154 2296 1210 2338 cer·

216 2367 326 2427 tamen
352 2361 511 2444 imperata
537 2358 694 2443 fecerunt,
726 2361 841 2443 quibus
870 2382 993 2439 eorum,
1025 2362 1080 2446 qui
1106 2363 1141 2427 in
1167 2362 1210 2426 dc

216 2449 353 2515 fectione
371 2451 661 2533 perseveraverant,
678 2450 774 2513 urbes
793 2469 952 2533 agrosque
966 2449 1062 2514 iussit
1074 2450 1210 2515 attribui.

180 2557 197 2605 3
216 2539 262 2604 At
280 2539 388 2603 exules
406 2536 571 2602 Bactriani
589 2558 661 2601 cum
677 2553 766 2602 Dccc
780 2536 1037 2622 Massagetarum
1055 2539 1210 2623 equitibus

215 2628 378 2712 proximos
402 2626 490 2691 vicos
513 2628 728 2689 vastaverunt.
773 2625 825 2689 Ad
848 2647 928 2709 quos
951 2627 1141 2692 coercendos
1159 2628 1210 2690 At

215 2718 310 2798 tinas,
327 2715 469 2799 regionis
488 2713 556 2778 eius
575 2712 765 2796 praefectus,
787 2729 849 2778 ccc
869 2713 1002 2797 equites,
1018 2715 1210 2794 insidiarum,

179 2821 197 2868 4
216 2823 298 2887 quae
319 2804 530 2886 parabantur,
558 2801 704 2886 ignarus,
727 2801 844 2866 eduxit.
887 2801 1035 2887 Namque
1058 2803 1161 2868 hostis
1182 2803 1212 2866 in

216 2890 306 2954 silvis
337 2924 374 2936 -
405 2895 437 2953 et
463 2893 556 2954 erant
582 2890 666 2955 forte
693 2911 805 2974 campo
833 2890 960 2955 iunctae
986 2925 1029 2937 -
1057 2894 1211 2956 armatum

216 2978 352 3042 militem
375 2977 518 3042 condidit
539 2978 651 3062 paucis
675 2978 929 3061 propellentibus
951 2999 1082 3062 pecora,
1108 2984 1146 3044 ut
1170 2980 1212 3042 in·

179 3064 386 3150 aprovidum
419 3066 458 3130 ad
485 3066 616 3130 insidias
644 3067 763 3149 praeda
789 3066 983 3148 perduceret.
1030 3066 1145 3152 Itaque
1170 3067 1211 3130 in·

215 3153 383 3237 conposito
407 3152 535 3236 agmine
554 3154 733 3239 solutisque
752 3154 918 3218 ordinibus
936 3153 1068 3219 Attinas
1086 3155 1212 3238 praeda»

215 3242 340 3306 bundus
364 3242 570 3325 sequebatur:
595 3264 689 3326 quem
711 3246 986 3326 praetergressum
1009 3244 1140 3328 silvam,
1161 3243 1210 3328 qui

215 3329 251 3393 in
274 3352 311 3394 ea
335 3329 556 3412 consederant,
584 3351 622 3394 ex
645 3331 810 3414 inproviso
839 3330 945 3394 adorti
972 3351 1043 3394 cum
1071 3332 1210 3396 omnibus

179 3439 196 3486 e
214 3418 453 3485 interemerunt.
491 3415 646 3482 Celeriter
660 3418 699 3482 ad
714 3416 883 3484 Craterum
901 3418 997 3483 huius
1016 3419 1118 3485 cladis
1132 3419 1210 3485 fama

215 3507 340 3590 perlata
367 3511 430 3590 est,
461 3507 516 3591 qui
543 3527 616 3570 cum
646 3507 732 3570 omni
760 3507 906 3590 equitatu
933 3510 1126 3590 supervenit
1170 3507 1211 3572 Ilt

215 3594 419 3679 Massagetae
442 3595 570 3679 quidem
593 3593 658 3658 iam
680 3594 880 3680 refugerant:
911 3594 1024 3659 Dahae
1047 3596 1138 3662 mille
1160 3618 1208 3680 op-
