2600 4096
182 221 246 286 164
548 219 580 284 o.
599 216 708 273 enarr
725 216 812 272 anri

146 365 302 436 saravus
334 363 448 428 deinde
479 362 571 428 aride
606 361 723 426 hausto
759 362 892 426 humore
925 383 991 426 non
1023 363 1186 428 sustinere

181 475 282 538 arma,
312 474 378 518 non
405 450 530 535 ingredi
559 455 710 534 poterant
736 455 770 515 et
795 449 953 515 feliciores
980 450 1185 536 videbantur,

181 564 260 627 quos
293 562 376 626 aqua
407 539 578 622 defecerat,
614 559 686 603 cum
719 538 783 624 ipsi
815 539 882 603 sine
913 538 1008 604 modo
1040 539 1186 604 infusam
1294 563 1295 602 r

145 630 305 700 evomitu
341 632 531 712 cogerentur
567 647 703 711 egerere.
757 626 898 691 Anxium
934 647 1044 711 regem
1079 630 1184 694 tantis
1294 659 1295 704 ι

180 718 276 783 malis
299 715 484 783 circumfusi
502 715 610 798 amici,
633 718 670 779 ut
691 715 891 779 meminisset
908 716 1057 793 orabant,
1082 717 1185 780 animi
1294 719 1295 760 t

181 807 231 872 sui
258 803 513 889 magnitudinem
539 803 669 868 unicum
694 803 871 868 remedium
898 802 1072 868 deficientis
1095 827 1185 869 exer·
1295 881 1296 894 ,

130 915 162 963 ro
181 897 263 960 citus
282 915 364 959 asse:
386 914 458 957 cum
478 914 515 957 ax
533 892 594 975 his,
613 891 667 976 qui
684 896 925 977 praecesserant
937 891 977 956 ad
992 891 1185 977 capiendum

180 985 286 1047 locum
305 981 432 1061 castris,
455 980 517 1044 duo
535 983 706 1046 occurrunt
723 980 849 1044 utribus
869 1001 986 1064 aquam
1005 984 1185 1067 gestantes,

180 1073 218 1134 ut
243 1070 319 1134 filiis
348 1070 426 1152 suis,
458 1090 538 1154 quos
569 1069 603 1133 in
631 1067 741 1134 eo'dem
769 1069 898 1151 agmine
930 1090 999 1132 esse
1026 1072 1059 1132 et
1085 1091 1185 1155 aegre

131 1179 162 1226 11
182 1158 251 1242 pati
274 1157 362 1223 sitim
383 1178 448 1222 non
469 1158 677 1242 ignorabant,
706 1160 916 1221 occurrerent.
961 1156 1021 1233 Qui
1045 1178 1119 1222 cum
1148 1159 1185 1224 in
1296 1183 1297 1230 3

181 1267 290 1332 regem
328 1246 529 1328 incidissent,
565 1246 649 1310 alter
680 1265 719 1309 ex
754 1244 819 1309 his.
837 1249 909 1309 utre
939 1245 1083 1310 resoluto
1114 1268 1185 1332 vas,

182 1334 266 1419 quod
285 1334 381 1399 simul
401 1333 538 1416 ferebat,
560 1334 663 1416 inplet
679 1334 848 1418 porrigens
867 1334 944 1418 regi.
974 1333 1035 1398 Ille
1053 1334 1185 1419 accipit.

180 1421 403 1507 Percontatus,
430 1422 545 1507 quibus
568 1443 685 1506 aquam
708 1425 890 1504 portarent,
917 1422 994 1486 filiis
1019 1421 1103 1486 ferre
1131 1443 1185 1488 co-

130 1529 162 1578 ¹²
180 1509 1184 1683 att1d¹¹¹tttt¹j¹td3t⁰dttdtibrada

181 1687 321 1753 dividere
361 1686 510 1751 omnibus
546 1707 687 1769 possum.
745 1684 813 1750 Vos
849 1686 968 1751 currite
1001 1690 1034 1750 et
1067 1686 1183 1753 liberis
1298 1734 1299 1759 ,

180 1775 310 1860 vestris,
332 1774 416 1860 quod
438 1776 569 1857 propter
590 1774 664 1838 illos
688 1773 861 1857 attulistis,
884 1773 978 1839 date’.
1298 1765 1299 1828 i

130 1883 161 1931 13
268 1863 411 1928 Tandem
428 1862 469 1926 ad
487 1863 605 1926 flumen
619 1860 722 1926 Oxum
738 1862 808 1946 ipse
826 1863 973 1946 pervenit
989 1862 1095 1947 prima
1112 1862 1182 1929 fere
1193 1867 1235 1931 21

180 1973 327 2035 vespera,
357 1951 412 2016 sed
435 1951 591 2015 exercitus
614 1970 733 2034 magna
754 1971 829 2033 pars
851 1971 915 2015 non
937 1954 1087 2034 potuerat
1109 1972 1184 2016 con-

181 2039 280 2122 sequi.
328 2038 368 2103 In
400 2038 485 2103 edito
512 2042 621 2102 monte
649 2038 740 2122 ignes
767 2038 857 2102 iubet
884 2038 967 2123 fieri,
992 2043 1030 2103 ut
1055 2039 1094 2123 ii,
1125 2042 1185 2124 qui

181 2146 276 2209 aegre
303 2126 529 2209 sequebantur,
560 2126 645 2190 haud
671 2127 782 2210 procul
809 2127 924 2191 castris
951 2127 1040 2210 ipsos
1066 2128 1185 2194 abessa

130 2233 163 2281 14
182 2217 419 2298 cognoscerent
467 2213 534 2278 Eos
562 2217 683 2298 autem,
711 2213 766 2298 qui
792 2215 887 2298 primi
913 2214 1053 2299 agminis
1080 2220 1185 2301 erant,

181 2307 306 2366 mature
333 2301 405 2365 cibo
433 2322 470 2365 ac
491 2301 620 2385 potione
649 2303 807 2387 firmatos,
834 2302 956 2386 inplere
980 2303 1061 2368 alios
1082 2307 1185 2390 utres,

182 2390 262 2455 alios
290 2412 381 2473 vasa,
409 2389 658 2474 quibuscumque
681 2412 765 2475 aqua
791 2391 915 2473 portari
937 2395 1060 2474 posset,
1086 2392 1185 2456 iussit

130 2497 161 2547 15
182 2500 219 2544 ac
237 2477 303 2544 sris
322 2499 416 2563 opem
434 2476 527 2542 ferre.
564 2476 624 2542 Sed
643 2479 698 2563 qui
715 2479 980 2562 intemperantius
998 2479 1185 2565 hauserant,

180 2567 356 2633 intercluso
379 2565 495 2651 spiritu
518 2566 652 2631 extincti
670 2571 745 2630 sunt
762 2567 928 2651 multoque
946 2567 1050 2633 maior
1066 2568 1184 2633 horum

130 2675 162 2724 ro
180 2678 330 2721 numerus
361 2654 437 2739 fuit,
469 2677 566 2739 quam
592 2655 660 2718 ullo
690 2655 843 2719 amiserat
872 2655 1004 2738 proelio.
1048 2655 1094 2720 At
1123 2657 1185 2722 ille

180 2745 344 2809 thoracem
376 2743 480 2808 adhuc
512 2741 642 2807 indutus
674 2764 732 2807 nec
766 2746 822 2807 aut
853 2743 924 2808 cibo
954 2743 1094 2809 refectus
1124 2749 1188 2810 aut

180 2835 273 2914 potu,
307 2852 370 2915 qua
395 2832 545 2896 veniebat
572 2831 743 2915 exercitus,
774 2831 923 2896 constitit
952 2852 1011 2896 neo
1039 2836 1112 2896 ante
1140 2834 1190 2899 ad

181 2917 357 2983 curandum
388 2939 503 3003 corpus
534 2919 680 3003 recessit,
717 2940 814 3003 quam
844 2921 1090 3005 praeterierant,
1125 2922 1190 3004 qui

182 3026 299 3090 agmen
325 3006 515 3092 claudebant,
536 3010 702 3092 totamque
726 3029 796 3072 eam
818 3012 947 3072 noctem
969 3030 1041 3073 cum
1064 3029 1189 3092 magno

130 3113 162 3163 ιτ
181 3094 279 3158 animi
305 3096 397 3158 motu
423 3096 587 3178 perpetuis
613 3095 735 3179 vigiliis
763 3096 839 3180 egit
883 3093 951 3161 Nec
977 3101 1107 3180 postero
1130 3096 1189 3163 die

180 3182 297 3247 laetior
320 3185 401 3264 erat,
424 3183 500 3265 quia
521 3204 581 3248 nec
602 3184 734 3267 navigia
755 3183 897 3248 habebat
916 3206 974 3249 nec
996 3207 1078 3269 pons
1102 3185 1189 3271 erigi

179 3273 322 3355 poterat,
350 3271 470 3334 circum
491 3291 617 3336 amnem
638 3272 724 3338 nudo
746 3272 808 3338 solo
832 3277 864 3337 et
887 3273 1023 3337 materia
1044 3273 1188 3339 maxime

181 3358 292 3424 sterili
328 3355 507 3424 Consilium
528 3359 639 3443 igitur,
662 3360 746 3445 quod
763 3382 862 3424 unum
880 3360 1055 3426 necessitas
1079 3362 1188 3426 subie-

181 3451 283 3530 cerat,
305 3447 375 3512 init
419 3443 516 3511 Utres
540 3448 815 3531 quamplurimos
838 3449 1023 3514 stramentis
1046 3449 1187 3516 refertos

130 3554 163 3604 18
182 3534 306 3600 dividit.
350 3533 410 3599 His
437 3535 628 3600 incubantes
657 3540 866 3601 transnavere
893 3559 1033 3620 amnem,
1065 3538 1187 3622 quique

180 3623 276 3707 primi
303 3624 513 3704 transierant,
541 3623 574 3687 in
602 3623 742 3689 statione
770 3629 875 3710 erant,
908 3625 984 3690 dum
1011 3626 1188 3692 traicerent
