2600 4096
244 223 310 288 212
613 224 644 290 Q.
663 223 773 280 OURTI
789 223 876 279 acal

245 368 407 452 collesque
433 369 641 452 resonabant,
668 389 740 434 cum
768 371 840 433 orta
861 369 996 434 licentia
1019 391 1039 434 a
1060 371 1181 454 paucis,
1205 373 1238 433 ut

193 469 225 519 1⁷
244 457 311 522 fere
333 457 380 540 fit,
401 457 435 521 in
458 477 567 521 omnes
591 477 626 521 se
648 459 778 539 repente
800 456 975 540 vulgasset
1016 456 1141 542 Quippe
1157 458 1238 522 velut

245 545 279 609 in
300 544 405 610 media
426 565 505 628 pace
527 565 584 627 per
606 543 723 610 herbas
746 545 975 629 adgestamque
1002 545 1149 610 frondem
1174 567 1238 630 pro

245 637 387 698 stravere
405 653 547 716 corpora.
582 632 627 697 Et
643 655 699 698 rex
715 632 883 697 fortuitam
900 633 1059 698 laetitiam
1076 655 1141 699 non
1158 655 1238 698 aver-

246 726 335 787 satus
363 721 454 805 large
481 720 521 784 ad
550 720 661 804 epulas
688 720 836 785 omnibus
863 721 1020 804 praebitis
1047 743 1107 806 per
1131 740 1155 787 x
1178 721 1238 785 dies

194 821 227 871 18
245 809 362 874 Libero
385 807 475 872 Patri
498 812 665 891 operatum
686 808 801 874 habuit
823 809 1005 873 exercitum.
1051 809 1131 886 Quis
1151 813 1240 894 neget

246 895 396 961 eximiam
418 917 544 980 quoque
567 897 705 982 gloriam
732 896 860 980 saepius
885 896 1036 962 fortunae
1064 920 1158 983 quam
1183 897 1239 963 vir·

245 985 326 1050 tutis
349 1005 419 1049 esse
440 985 653 1050 beneficium?
677 985 795 1070 quippe
816 1006 858 1049 ne
880 985 1047 1069 epulantes
1070 987 1240 1070 quidemst

246 1073 370 1156 sopitos
400 1094 491 1139 mero
523 1072 655 1158 adgredi
686 1095 782 1139 ausus
810 1076 860 1138 est
889 1071 1008 1157 hostis,
1039 1072 1127 1138 haud
1156 1093 1238 1138 secus

245 1161 470 1226 bacchantium
493 1161 747 1245 ululantiumque
768 1160 899 1225 fremitu
923 1162 1127 1245 perterritus,
1152 1182 1239 1246 quam

247 1249 274 1314 si
291 1249 519 1332 proeliantium
542 1251 664 1315 clamor
684 1253 770 1314 esset
786 1249 923 1313 auditus.
967 1249 1092 1314 Eadem
1109 1250 1239 1315 felicitas

247 1338 288 1403 ab
302 1336 429 1404 Oceano
447 1342 644 1403 revertentes
661 1339 856 1402 temulentos
870 1336 1144 1423 comissantesque
1162 1339 1239 1402 inter

247 1448 304 1492 ora
324 1425 468 1490 hostium
490 1428 581 1490 texit

195 1527 228 1576 19
333 1514 419 1580 Hinc
450 1514 489 1579 ad
514 1515 694 1598 regionem,
723 1536 805 1599 quae
831 1512 976 1579 Daedala
1002 1517 1149 1599 vocatur,
1174 1509 1275 1598 per-ll

245 1607 378 1669 ventum
400 1606 459 1667 est.
497 1601 712 1667 Deseruerant
729 1603 855 1668 incolae
874 1603 965 1667 sedes
984 1607 1018 1667 et
1035 1603 1070 1667 in
1088 1604 1175 1668 avios
1194 1601 1239 1666 sil·

246 1697 432 1775 vestresque
449 1694 575 1756 montes
594 1690 813 1774 confugerant.
856 1689 945 1774 Ergo
964 1691 1106 1756 Acadira
1129 1688 1239 1755 transit

198 1791 228 1842 co
247 1801 344 1864 aeque
362 1783 436 1845 usta
454 1784 488 1844 et
505 1778 659 1843 destituta
676 1778 883 1844 incolentium
900 1778 989 1862 fuga.
1019 1777 1133 1864 Itaque
1150 1779 1239 1842 ratio

246 1890 320 1933 uem
352 1867 431 1932 belli
466 1867 641 1933 necessitas
677 1867 823 1931 mutavit.
875 1865 998 1932 Divisis
1030 1867 1116 1930 enim
1147 1866 1239 1950 copiis

246 1955 390 2040 pluribus
419 1956 513 2020 simul
539 1955 619 2020 locis
647 1976 736 2019 arma
759 1954 912 2037 ostendit,
939 1955 1161 2039 oppressique,
1190 1952 1239 2017 ubi
1278 1997 1279 2033 ,

246 2064 312 2108 non
334 2045 580 2126 expectaverant
601 2041 741 2127 hostem,
759 2044 847 2107 omni
865 2043 955 2107 clade
973 2041 1147 2126 perdomiti
1164 2043 1239 2107 sunt

194 2144 226 2191 al
246 2130 450 2196 Ptolemaeus
470 2133 626 2214 plurimas
643 2131 751 2212 urbes,
774 2131 956 2195 Alexander
974 2132 1132 2196 maximas
1151 2131 1239 2214 cepit:
1277 2145 1278 2183 ι

195 2232 228 2280 aa
246 2239 434 2303 rursusque,
456 2240 535 2302 quas
558 2219 778 2302 distribuerat,
799 2220 909 2302 copias
931 2219 1046 2286 iunxit.
1092 2217 1239 2304 Superato

247 2307 359 2372 deinde
381 2303 528 2390 Choaspe
551 2329 644 2372 amne
663 2304 793 2372 Coenon
813 2307 848 2371 in
870 2306 1036 2372 obsidione
1059 2307 1149 2372 urbis
1171 2327 1238 2390 opu·
1276 2315 1277 2333 ¹

246 2397 353 2461 lentae
374 2431 411 2444 -
431 2393 528 2459 Beira
545 2395 668 2461 incolae
686 2398 857 2461 vocant-
871 2395 1015 2479 reliquit:
1032 2395 1103 2479 ipse
1121 2395 1161 2460 ad
1177 2395 1238 2459 Ma·
1275 2473 1276 2480 ἵ

247 2506 343 2572 uagas
375 2483 471 2550 venit
514 2481 626 2568 Nuper
652 2485 829 2566 Assacano,
856 2482 946 2548 cuius
971 2504 1108 2569 regnum
1135 2483 1240 2563 fuerat,

248 2575 415 2640 demortuo
433 2573 560 2658 regioni
572 2571 708 2656 urbique
720 2575 868 2655 praeerat
883 2575 987 2636 mater
1006 2572 1074 2637 eius
1088 2569 1240 2655 Cleophis.
1274 2629 1275 2633 ,

195 2675 230 2724 aa
247 2681 383 2728 xxxv111
401 2661 492 2726 milia
507 2659 651 2747 pediturn
664 2660 839 2724 tuebantur
851 2659 964 2724 urbem
976 2681 1042 2725 non
1056 2660 1122 2725 situ
1136 2661 1240 2740 solum,

249 2751 304 2814 sed
323 2751 421 2815 etiam
438 2771 536 2835 opere
552 2749 719 2813 munitam.
757 2745 843 2812 Nam
860 2769 924 2831 qua
942 2752 1068 2831 spectat
1085 2747 1240 2826 orientem,

250 2837 389 2919 cingitur
411 2860 504 2902 amne
526 2837 677 2921 torrenti,
704 2835 759 2920 qui
780 2837 963 2920 praeruptis
984 2837 1148 2921 utrimque
1168 2834 1239 2918 ripis

197 2937 232 2986 ac
250 2925 374 2989 aditum
397 2926 437 2989 ad
459 2927 571 2991 urbem
593 2925 724 3009 inpedit.
767 2922 819 2988 Ad
842 2924 1039 2990 occidentem
1058 2929 1092 2990 et
1114 2947 1134 2990 a
1155 2922 1240 2990 meri·

249 3013 301 3078 die
323 3012 410 3077 velut
433 3013 471 3077 de
489 3014 646 3079 industria
664 3034 759 3096 rupes
777 3012 939 3095 praealtas
958 3013 1118 3079 obmolita
1133 3017 1241 3078 natura

249 3104 312 3183 est,
338 3099 423 3165 infra
446 3123 524 3184 quas
546 3123 700 3168 cavernae
723 3105 757 3166 et
777 3101 947 3186 voragines
968 3101 1068 3188 longa
1089 3103 1240 3167 vetustate

249 3189 285 3253 in
303 3188 404 3253 altum
423 3193 554 3254 cavatae
571 3191 685 3273 iacent,
707 3210 831 3274 quaque
854 3189 1012 3273 desinunt,
1033 3189 1125 3256 fossa
1141 3191 1239 3274 ingen·

197 3287 230 3337 ao
249 3274 293 3340 tis
320 3275 426 3360 operis
454 3276 579 3342 obiecta
605 3283 663 3344 est.
707 3295 803 3342 xxxv
830 3277 970 3343 stadium
996 3300 1108 3344 murus
1136 3279 1239 3344 urbem

250 3365 474 3449 conplectitur,
501 3366 591 3430 cuius
618 3367 684 3431 ima
711 3388 802 3449 saxo,
833 3367 999 3449 superiora
1025 3367 1123 3432 crudo
1149 3367 1239 3432 latere
1269 3371 1270 3376 ’

250 3455 327 3516 sunt
344 3456 476 3519 structa.
511 3451 620 3518 Lateri
638 3455 800 3520 vinculum
817 3454 1039 3539 lapidescunt,
1058 3476 1141 3539 quos
1154 3456 1239 3520 inter·

250 3560 395 3624 posuere,
411 3545 449 3605 ut
465 3541 586 3606 duriori
604 3543 757 3607 materiae
770 3542 898 3626 fragilis
916 3542 1125 3628 incumberet,
1144 3541 1239 3609 simul·

198 3638 232 3686 ac
251 3647 312 3711 que
326 3630 413 3691 terra
425 3627 559 3696 humore
573 3628 684 3694 diluta.
714 3628 764 3695 Ne
782 3635 892 3695 tamen
906 3631 1057 3696 universa
1070 3631 1240 3697 considerat
1267 3651 1268 3679 ι
