2602 4094
234 210 488 267 HISTORIARUM
506 210 720 266 ALEXANDRI
738 212 829 280 VIIII,
848 217 873 268 8.
892 218 917 268 9.
1011 211 1075 275 251

70 355 174 420 lutam
196 356 382 438 permittere
405 357 546 440 conpulit.
590 355 799 440 Navigabant
823 377 900 441 ergo
924 357 1111 440 omniumr

71 465 129 528 per
156 465 239 527 quae
267 444 465 528 ferebantur,
497 444 612 529 ignari
657 443 820 521 Quantum
847 444 922 509 iude
949 445 1078 510 abesset

75 553 179 616 mare,
209 554 291 618 quae
323 536 436 616 gentes
468 532 622 615 colerent,
654 555 752 618 quam
782 532 945 616 placidum
972 533 1076 597 amnis

72 642 121 704 os,
145 642 243 704 quam
270 622 398 704 patiens
425 621 597 706 longarum
620 623 752 686 navium
779 625 878 706 esset,
905 641 1020 705 anceps
1044 624 1078 686 et

70 729 166 774 caeca
188 709 373 774 aestimatio
400 709 635 794 augurabatur:
662 731 762 774 unum
789 713 859 774 erat
882 710 1110 775 temeritatis3

71 797 229 861 solacium
256 800 411 881 perpetua
437 797 586 862 felicitas.
623 797 693 862 Iam
716 815 800 864 ecoe
823 798 929 864 stada
950 819 1076 881 proces·

70 889 188 968 serant,
207 905 279 950 cum
293 886 525 971 gubernatores
542 885 736 970 adgnoscere
749 886 837 969 ipsos
852 907 964 952 auram
977 887 1076 951 maris

71 977 105 1038 et
130 973 218 1038 haud
244 974 358 1058 procul
384 974 485 1039 videri
512 974 575 1039 sibi
603 973 765 1041 Oceanum
792 975 905 1039 abesse
932 975 1077 1040 indicant

70 1062 149 1146 regi.
199 1060 318 1128 Laetus
357 1062 413 1127 ille
450 1061 576 1128 hortari
615 1062 762 1128 nauticos
802 1063 921 1146 coepit,
957 1065 1112 1129 ineam-4

70 1149 185 1214 berent
206 1150 316 1216 remis:
344 1151 455 1216 adesse
481 1151 578 1216 finem
600 1150 721 1216 laboris
744 1151 893 1216 omnibus
915 1153 1002 1217 votis
1026 1174 1077 1217 ex·

69 1239 222 1322 petitum:
243 1239 310 1304 iam
326 1239 409 1303 nihil
428 1239 552 1323 gloriae
569 1239 688 1323 deesse,
705 1239 788 1303 nihil
807 1239 936 1304 obstare
954 1240 1077 1324 virtuti,

70 1327 140 1391 sine
158 1326 228 1392 ullo
245 1325 361 1392 Martis
381 1327 572 1411 discrimine,
591 1327 660 1392 sine
677 1327 834 1412 sanguine
848 1329 958 1393 orbem
971 1332 1078 1393 terrae

71 1416 112 1480 ab
139 1414 208 1480 illis
236 1415 322 1499 capi:
350 1437 391 1480 ne
414 1419 563 1480 naturam
586 1416 714 1500 quidem
736 1416 865 1500 longius
886 1436 983 1499 posse
1005 1437 1077 1498 pro·

71 1503 194 1588 cedere,
215 1503 306 1568 brari
328 1504 495 1589 incognita
514 1505 580 1569 nisi
596 1504 836 1570 immortalibus
855 1525 924 1568 esse
941 1503 1078 1569 visuros.

68 1591 195 1657 Paucos
222 1595 333 1656 tamen
358 1593 489 1678 navigio
517 1593 626 1658 emisit
646 1594 681 1658 in
704 1594 824 1677 ripam,
852 1593 908 1677 qui
932 1596 1113 1677 agrestesb

70 1701 171 1764 vagos
194 1681 388 1764 exciperent,
411 1681 564 1766 equibus
588 1682 727 1746 certiora
748 1681 840 1746 nosci
856 1702 952 1764 posse
972 1701 1078 1764 spera-

69 1768 137 1834 bat
182 1768 237 1833 Illi
260 1769 394 1834 scrutati
417 1769 526 1834 omnia
547 1770 681 1853 tuguria
700 1769 832 1834 tandem
850 1770 991 1834 latentes
1009 1789 1078 1852 rep·

69 1878 190 1940 perere.
235 1856 299 1934 Qui
325 1858 531 1941 interrogati,
561 1879 658 1942 quam
684 1858 796 1940 procul
823 1857 952 1923 abesset
978 1866 1112 1940 marat

69 1945 304 2029 responderunt
338 1946 462 2010 nullum
498 1946 586 2030 ipsos
623 1966 712 2009 mare
747 1967 789 2011 ne
824 1945 912 2010 fama
949 1945 1077 2030 quidem

70 2035 240 2118 accepisse,
262 2037 403 2099 ceterum
424 2034 522 2098 tertio
541 2034 591 2099 die
609 2033 769 2118 perveniri
786 2053 882 2118 posse
900 2034 941 2098 ad
960 2056 1077 2119 aquam

70 2143 228 2206 amaram,
261 2144 342 2206 quae
370 2125 590 2205 corrumperet
616 2122 750 2188 dulcem.
795 2122 1000 2188 Intellectum
1028 2126 1079 2188 eet

69 2232 159 2276 mare
177 2211 335 2276 destinari
352 2212 393 2277 ab
412 2211 534 2296 ignaris
552 2214 685 2276 naturae
704 2212 781 2276 eius.
818 2210 933 2296 Itaque
951 2211 1077 2297 ingenti
1097 2221 1112 2270 '1

70 2299 239 2364 alacritate
252 2298 375 2364 nautici
387 2299 549 2383 remigant
561 2303 594 2364 et
607 2299 754 2383 proximo
770 2301 924 2385 [quoque]
940 2299 1000 2384 die,
1014 2321 1077 2385 quo

68 2387 204 2471 propius
227 2409 300 2471 spes
321 2387 559 2473 admovebatur,
582 2389 748 2454 crescebat
769 2388 864 2453 ardor
888 2389 1076 2453 animorum

69 2475 183 2540 Tertio
214 2475 279 2540 iam
310 2475 362 2539 die
393 2477 530 2541 mixtum
560 2476 687 2540 flumini
718 2476 850 2541 subibat
879 2497 980 2558 mare,
1012 2475 1078 2538 leni

70 2564 175 2629 adhuc
197 2568 290 2628 aestu
315 2563 528 2629 confumdente
551 2565 695 2647 dispares
718 2564 828 2628 undas.
873 2562 957 2628 Tum
979 2562 1078 2626 aliam
1096 2573 1112 2621 8

69 2652 211 2717 insulam
238 2652 343 2717 medio
371 2653 459 2717 amni
484 2652 582 2718 sitam
604 2652 707 2718 evecti
730 2650 827 2734 paulo
850 2651 979 2735 lentius,
1002 2650 1079 2736 quia

69 2761 182 2806 cursus
210 2745 299 2806 aestu
329 2741 608 2824 reverberabatur,
636 2739 799 2824 adplicant
822 2739 959 2804 classem
981 2743 1015 2804 et
1038 2740 1078 2804 ad

69 2832 270 2894 commeatus
292 2828 449 2912 petendos
472 2828 661 2912 discurrunt,
684 2828 789 2894 securi
807 2849 900 2892 casus
921 2827 999 2912 eins,
1022 2828 1078 2912 qui

24 2913 61 2981 35
69 2917 255 3003 supervenit
276 2917 409 3002 ignaris.
446 2916 555 2982 Tertia
575 2916 678 2981 ferme
699 2915 781 2981 hora
799 2919 877 3000 erat,
900 2937 972 2981 cum
990 2920 1078 2981 stata
1096 2927 1112 2974 9

69 3007 139 3071 viee
159 3005 306 3071 Oceanus
329 3007 521 3070 exaestuans
543 3005 653 3070 invehi
675 3005 783 3088 coepit
804 3007 837 3068 et
853 3008 941 3070 retro
958 3005 1079 3069 flumen

68 3114 200 3180 urgerer
236 3094 319 3178 quod
352 3093 458 3178 primo
490 3095 679 3178 coercitum,
711 3091 824 3158 deinde
856 3091 1077 3158 vehementius

69 3183 200 3267 pulsum
222 3183 345 3248 maiore
365 3183 489 3266 impetu
512 3181 682 3247 adversum
705 3182 876 3266 agebatur,
897 3202 995 3265 quam
1014 3185 1079 3246 ter·

67 3271 177 3338 centia
202 3270 372 3356 praecipiti
398 3270 490 3334 alveo
517 3270 694 3334 incurrunt
738 3269 859 3354 Ignota
879 3269 978 3353 vulgo
1000 3268 1078 3334 freti
1098 3279 1131 3330 1⁰

70 3364 190 3425 natura
217 3362 288 3424 erat
314 3362 522 3442 monstraque
545 3361 578 3422 et
599 3358 666 3422 irae
691 3357 786 3422 deum
809 3356 927 3423 indicia
948 3378 1078 3422 eernere

69 3448 270 3513 videbantur.
315 3446 494 3512 Identidem
519 3447 736 3511 intumescens
763 3468 852 3511 mare
880 3449 913 3509 et
939 3445 973 3511 in
995 3467 1079 3512 cam·

70 3558 131 3620 pos
152 3537 252 3622 paulo
274 3538 349 3601 ante
368 3535 470 3601 siccos
489 3534 679 3600 descendere
698 3535 910 3619 superfusum.
945 3533 1077 3617 Iamque
1098 3544 1127 3592 11

70 3625 187 3692 leuatis
214 3624 356 3710 navigiis
383 3627 416 3688 et
442 3626 514 3689 tota
544 3623 647 3688 classe
674 3623 832 3707 dispersa,
860 3622 915 3706 qui
942 3621 1078 3707 expositi
