2582 4098
275 206 531 266 HISTORIARUM
549 207 763 264 ALEXANDRI
781 210 828 281 VI,
847 216 871 266 8.
1016 211 1077 276 121

70 349 165 418 Sicut
187 352 223 418 in
245 353 435 436 corporibus
462 353 583 438 aegris,
609 353 744 439 milites,
770 354 853 420 nihil
881 355 967 439 quod
992 355 1080 421 noci-

67 443 182 504 turum
205 444 255 506 est
276 441 393 506 medici
415 441 612 527 relinquunt,
635 443 681 508 sio
702 464 776 525 nos,
799 442 951 528 quidquid
970 443 1080 508 obstat

68 527 224 612 imario,
251 529 439 595 recidamus.
482 529 588 594 Parva
610 551 706 614 saepe
729 531 872 596 scintilla
894 535 1080 615 contempta

68 635 226 698 magnum
245 617 398 682 excitavit
417 617 608 683 incendium.
646 617 705 684 Nil
721 622 793 685 tuto
811 619 847 684 in
863 619 959 686 hoste
976 620 1080 704 despi-

68 705 169 769 citur:
193 726 288 789 quem
311 705 484 789 spreveris,
507 707 720 773 valentiorem
742 707 949 794 neglegentia
970 708 1079 774 facias.

66 790 121 857 Ne
139 791 266 859 Dareus
289 794 418 879 quidem
439 794 670 860 hereditarium
688 794 859 861 Persarum
880 796 1005 880 accepit
1020 797 1079 862 im·
1099 814 1131 862 ra

67 880 211 964 perium,
234 881 291 947 sed
313 881 349 947 in
371 882 478 947 sedem
501 879 579 967 Gyri
601 882 756 948 beneficio
780 882 923 968 Bagoae,
945 885 1079 950 castrati

67 968 222 1052 hominis,
243 969 415 1035 admissus:
437 991 479 1036 ne
502 992 561 1036 vos
578 991 697 1056 magno
715 970 827 1036 labore
846 973 983 1038 credatis
1001 971 1079 1038 Bes·

29 1060 144 1125 9snm
167 1079 302 1123 vacuum
328 1078 464 1143 regnum
492 1063 729 1144 occupaturum.
772 1058 843 1125 Nos
868 1081 944 1125 vero
971 1082 1080 1145 pecca·
1099 1079 1132 1128 ts

69 1146 191 1228 vimus,
217 1146 351 1230 milites,
378 1147 407 1212 si
429 1147 571 1211 Dareum
598 1148 639 1213 ob
662 1147 725 1212 hoc
746 1148 896 1232 vicimus,
922 1152 960 1214 ut
986 1171 1079 1216 servo

71 1235 142 1299 eius
169 1233 369 1300 traderemus
392 1235 577 1320 imperium,
605 1236 660 1320 qui
682 1235 834 1301 ultimum
857 1258 953 1301 ausus
976 1238 1079 1302 seclus
1196 1253 1197 1256 ’

68 1342 182 1407 regem
209 1344 317 1406 suum,
343 1323 444 1388 etiam
467 1327 616 1389 externae
638 1324 710 1408 opis
733 1327 894 1408 egentem,
920 1328 1005 1390 certe
1029 1326 1080 1390 cui

68 1432 131 1476 nos
149 1410 289 1476 victores
310 1412 572 1495 pepercissemus,
594 1413 688 1497 quasi
708 1411 872 1496 captivum
890 1412 925 1477 in
942 1412 1079 1478 vinculis

69 1499 201 1582 habuit,
233 1499 274 1564 ad
305 1499 471 1583 ultimum,
502 1521 543 1564 ne
574 1501 714 1566 anobis
747 1501 931 1566 conservari
961 1506 1080 1584 posset,

70 1587 198 1652 occidit.
243 1586 338 1652 Hunc
360 1610 417 1653 vos
438 1608 575 1674 regnare
597 1589 786 1672 patiemini?
814 1610 910 1673 quem
933 1589 1079 1673 equidem
1100 1607 1134 1658 ιι

70 1675 161 1740 cruci
187 1675 327 1740 adfixum
348 1675 457 1742 videre
483 1676 616 1760 festino,
644 1678 794 1743 omnibus
821 1677 953 1761 regibus
976 1677 1079 1760 genti-

70 1764 197 1847 busque
220 1767 254 1828 et
279 1763 383 1848 Fidei,
410 1785 507 1847 quam
535 1765 682 1845 violavit,
709 1765 842 1830 meritas
868 1785 988 1849 poenes
1016 1765 1078 1830 sol-

71 1853 216 1917 venteml
255 1851 302 1916 At
321 1852 459 1936 hercule,
477 1853 506 1917 si
523 1875 598 1918 mox
617 1854 751 1918 eundem
770 1854 966 1919 Graecorum
984 1853 1080 1918 urbes
1101 1873 1134 1923 ιι

73 1945 132 2004 ant
157 1938 404 2024 Hellespontum
430 1945 559 2005 vastare
586 1941 770 2007 nuntiatum
792 1940 854 2004 erit
880 1941 985 2023 vobis,
1016 1963 1080 2025 quo

74 2027 186 2093 dolore
209 2029 412 2112 adficiemini,
434 2027 571 2094 Bessum
593 2031 736 2112 praemia
758 2031 885 2094 vestrae
906 2050 1081 2114 occupasse

73 2115 250 2181 victoriae?
292 2116 382 2182 Tune
406 2117 446 2181 ad
472 2117 662 2200 repetendas
689 2139 742 2182 res
769 2117 978 2201 festinabilis,
1004 2123 1082 2183 tunc

74 2225 166 2268 arma
184 2205 327 2288 capietis.
367 2203 495 2281 Quanto
514 2208 622 2270 autem
639 2209 792 2289 praestat,
810 2206 959 2270 territum
974 2206 1082 2271 adhuc
1101 2227 1135 2277 re

74 2296 108 2357 et
128 2293 185 2358 vix
207 2295 325 2358 mentis
353 2315 429 2358 suae
458 2297 640 2376 compotem
668 2295 860 2378 opprimeret
907 2293 1082 2371 Quadridui

74 2380 170 2446 nobis
192 2381 255 2445 iter
276 2384 435 2465 superest,
462 2382 518 2465 qui
542 2386 594 2447 tot
615 2383 871 2466 proculcavimus
897 2383 1005 2464 nives,
1032 2385 1083 2447 tot

75 2489 186 2533 amnes
205 2469 435 2554 superavimus,
452 2472 503 2534 tot
518 2471 676 2536 montium
690 2471 767 2556 iuga
781 2469 1081 2534 transcucurrimus.

74 2555 151 2623 Non
164 2578 252 2622 mare
265 2557 356 2641 illud,
374 2557 460 2641 quod
478 2561 668 2624 exaestuans
687 2559 750 2623 iter
767 2557 917 2622 fiuctibus
937 2560 1082 2640 occupat,

76 2649 188 2711 euntes
210 2667 271 2710 nos
293 2653 452 2729 moretur,
477 2667 544 2711 non
567 2643 701 2712 Ciliciae
726 2646 835 2710 fauces
858 2647 891 2708 et
913 2644 1082 2727 angustiae

74 2733 257 2798 includunt:
279 2734 379 2817 plana
401 2735 510 2799 omnia
532 2737 565 2799 et
582 2756 684 2818 prona
702 2736 785 2799 sunt.
825 2731 864 2797 In
881 2731 952 2815 ipso
970 2731 1082 2797 limine

74 2822 230 2887 victoriae
258 2825 389 2887 stamus.
434 2822 533 2888 Pauci
558 2822 653 2888 nobis
677 2821 808 2908 fugitivi
831 2819 1134 2892 etdominirui1v

74 2910 296 2976 interfectores
328 2914 509 2994 supersunt.
559 2911 751 2996 Egregium,
781 2909 974 2992 mehercule,
1001 2929 1082 2992 opus

76 3004 109 3064 et
125 2999 211 3064 inter
228 2999 333 3083 prima
351 2999 473 3083 gloriae
495 3003 622 3064 vestrae
645 2998 877 3063 numerandum
897 2997 1083 3080 posteritati

74 3087 245 3173 famaeque
279 3087 427 3169 tradetis,
462 3084 561 3150 Darei
592 3108 718 3171 quoquc
748 3086 852 3151 hostis
884 3084 976 3150 finito
1008 3089 1084 3168 post

74 3179 214 3241 mortem
232 3175 321 3240 illius
340 3175 412 3240 odio
431 3174 607 3258 parricidas
631 3196 701 3240 esse
719 3196 776 3240 vos
798 3175 900 3256 ultos,
921 3173 1083 3239 neminem

74 3265 200 3349 inpium
214 3264 365 3348 effugisse
378 3267 502 3328 vestras
515 3285 640 3330 manus.
666 3261 737 3328 Hoc
750 3265 946 3348 perpetrato,
961 3266 1082 3345 quanto
1102 3283 1134 3332 18

75 3351 206 3418 creditis
227 3351 345 3418 Persas
373 3352 634 3435 obsequentiores
660 3351 743 3432 fore,
770 3373 843 3417 cum
864 3350 1083 3415 intellexerint

74 3463 132 3507 vos
159 3441 214 3524 pia
241 3440 328 3594 bplle
357 3440 519 3525 suscipere
543 3444 576 3505 et
596 3439 690 3506 Bessi
713 3441 839 3518 sceleri,
864 3459 930 3503 non
958 3437 1080 3504 nomini

75 3551 134 3595 suo
158 3527 289 3594 rrascr'
