2582 4098
269 206 523 264 HISTORIARUM
540 205 753 262 ALEXANDRI
770 207 818 278 Vl,
836 212 861 261 8.
1005 207 1070 272 135

64 351 113 418 At
131 371 206 437 ego,
228 351 356 417 etiamsi
377 351 448 437 ipse
469 352 521 416 rel
543 351 742 436 paenitentia
763 352 815 416 vel
837 350 993 416 beneficio
1014 354 1072 417 tuo
1091 370 1110 420 r

64 441 171 506 vietus
191 440 353 524 quiescere
369 441 471 524 volet,
488 442 614 523 patrem
630 441 698 505 eius
711 438 971 523 Parmenionem,
986 439 1074 504 tanti

63 530 178 593 ducem
193 529 349 593 exercitus
363 532 397 592 et
415 528 595 594 inveterata
608 528 693 612 apud
711 528 832 592 milites
846 548 921 593 suos
936 527 1074 592 auctori·

65 619 135 682 tate
163 615 250 681 haud
274 617 413 682 multum
439 615 525 680 infra
552 616 783 701 magnitudinis
805 619 881 681 tuae
903 615 1074 701 fastigium

64 705 224 788 positum,
247 705 314 770 seio
335 725 401 770 non
422 724 525 788 aequo
544 705 651 770 animo
671 704 809 770 salutem
831 704 891 768 filii
914 704 965 768 sui
988 703 1075 768 debi-

64 798 177 858 turum
194 793 264 857 tibi.
296 791 460 868 Quaedam
478 791 633 857 beneficia
651 792 786 858 odimus.
816 791 972 857 Meruisse
990 813 1073 858 mor·
1091 811 1109 860 8

64 886 135 946 tem
154 880 301 946 confiteri
320 881 431 964 pudet:
453 883 613 964 superest,
634 885 673 944 ut
690 881 785 946 malit
802 880 904 946 videri
921 880 1073 945 iniuriam

67 969 246 1054 accepisse,
268 990 363 1053 quam
381 969 492 1034 vitam.
525 967 663 1034 Proinde
681 969 762 1033 scito
780 968 843 1034 tibi
862 989 934 1034 cum
950 968 1017 1033 illis
1035 968 1074 1034 de

65 1057 173 1122 salute
202 1078 271 1122 esse
300 1057 518 1142 pugnandum.
566 1055 653 1122 Satis
679 1056 821 1122 hostium
847 1060 1006 1141 superest,
1033 1055 1110 1126 ado

65 1166 149 1230 quos
180 1145 416 1230 persequendos
447 1144 526 1210 ituri
557 1166 680 1209 sumus:
720 1145 805 1210 latus
838 1167 857 1209 a
888 1144 1075 1210 domesticis

9 1226 56 1290 30
65 1234 218 1299 hostibus
244 1233 344 1299 muni
387 1232 458 1298 Hos
490 1232 519 1298 si
550 1253 745 1315 summoves,
776 1231 858 1296 nihil
891 1236 1000 1298 metuo
1032 1232 1075 1298 ab

67 1318 221 1386 externo?
256 1320 346 1386 Haec
364 1317 526 1386 Craterus.
561 1319 630 1386 Nec
649 1322 747 1386 ceteri
768 1321 975 1404 dubitabant,
997 1321 1076 1405 quin
1095 1342 1130 1391 ιο

66 1409 299 1475 coniurationis
331 1409 486 1474 indicium
517 1428 744 1493 suppressuras
772 1430 838 1473 non
866 1408 984 1474 fuisset
1010 1409 1076 1474 nisi

66 1501 183 1564 auctor
196 1502 253 1563 aut
265 1498 437 1581 particeps.
466 1495 568 1573 Quem
582 1498 667 1562 enim
681 1499 770 1582 pium
783 1501 816 1562 et
829 1498 933 1562 bonae
947 1497 1078 1580 mentis,

64 1607 134 1652 non
153 1586 292 1650 amicum
314 1585 423 1669 modo,
445 1585 500 1649 sed
520 1607 559 1650 ex
576 1587 692 1651 ultima
709 1585 817 1670 plebe,
840 1585 972 1669 auditis,
994 1607 1076 1668 quac

64 1675 109 1740 ad
138 1695 212 1737 eum
239 1674 347 1739 delata
374 1677 478 1756 erant,
506 1694 572 1738 non
598 1674 743 1757 protinus
772 1674 812 1738 ad
838 1694 949 1760 regem
975 1672 1076 1738 fuisse

63 1762 259 1828 cursurum?
280 1783 321 1825 ne
339 1758 486 1826 Cebalini
508 1761 637 1845 quidem
660 1761 822 1845 exemplo,
845 1763 958 1846 quiex
975 1761 1076 1827 fratre
1095 1779 1129 1829 11

64 1854 223 1934 conperta
235 1850 299 1934 ipsi
311 1850 502 1933 nuntiasset,
514 1849 735 1914 Parmenionis
749 1850 861 1932 filium,
877 1849 1077 1933 praefectum

64 1940 243 2023 equitatus,
257 1938 399 2003 omnium
412 1957 603 2002 arcanorum
616 1938 702 2022 regis
717 1938 888 2002 arbitrum!
908 1937 1076 2002 simulasse

63 2029 181 2109 etiam,
199 2048 265 2092 non
278 2047 409 2092 vacasse
428 2025 569 2090 sermoni
588 2047 645 2090 suo
659 2045 782 2111 regem,
800 2047 840 2090 ne
859 2026 955 2090 index
973 2025 1075 2090 alium

65 2115 302 2180 internuntium
322 2118 496 2198 quaereret
530 2113 762 2179 Nicomachum
776 2113 933 2199 religione
948 2136 1076 2199 quoque
1095 2133 1129 2181 ra

65 2205 166 2268 deum
197 2203 388 2267 adstrictum
420 2201 649 2267 conscientiam
680 2224 772 2267 suam
800 2224 972 2268 exonerare
1004 2223 1076 2286 pro·

65 2311 215 2376 parasse:
250 2290 413 2355 Philotam
445 2293 635 2374 consumpto
671 2312 730 2374 per
762 2291 873 2356 ludum
908 2290 1076 2375 iocumque

66 2400 175 2464 paene
195 2382 266 2445 toto
289 2379 340 2444 die
363 2381 532 2463 gravatum
550 2399 620 2444 esse
641 2401 744 2463 pauca
762 2380 860 2444 rerba
882 2379 1076 2462 pertinentia

67 2466 113 2533 ad
136 2470 232 2550 caput
253 2467 339 2552 regis
364 2470 432 2531 tam
458 2466 557 2551 longo
580 2470 613 2531 et
638 2467 777 2532 forsitan
805 2488 1002 2550 supervacuo
1028 2467 1077 2531 in·

68 2575 178 2621 serere
201 2555 349 2620 sermoni.
394 2555 441 2618 At
463 2555 548 2618 enim
576 2575 609 2619 se
635 2576 701 2620 non
723 2555 894 2619 credidisse
921 2552 1002 2618 talia
1024 2553 1076 2617 de·
1096 2573 1131 2621 13

67 2643 248 2708 ferentibus
267 2642 389 2726 puerisl
420 2639 486 2707 Gur
504 2642 605 2727 igitur
624 2643 817 2706 extraxisset
835 2640 976 2724 biduum,
994 2642 1076 2705 tem-

66 2753 171 2816 quam
188 2731 305 2796 indicio
323 2730 458 2795 haberet
474 2730 591 2795 fidem?
617 2729 843 2794 dimittendum
860 2728 960 2793 fuisse
975 2725 1076 2795 Oeba-

67 2821 188 2902 linum,
210 2819 238 2884 si
261 2818 456 2883 delationem
474 2819 541 2883 eius
561 2818 745 2882 damnabat
780 2817 818 2881 In
837 2837 895 2881 suo
919 2838 1076 2901 quemque
1096 2837 1133 2886 14

66 2907 213 2993 periculo
232 2927 387 2992 magnum
405 2907 547 2971 animum
565 2906 695 2984 habere,
716 2926 787 2969 cum
807 2904 845 2970 de
867 2905 971 2971 salute
990 2906 1077 2990 regie

66 2997 248 3079 timeretur,
265 2995 409 3060 credulos
424 3016 493 3060 esse
511 2994 635 3077 debere,
653 3013 736 3058 rana
754 3014 880 3077 quoque
898 2993 1076 3058 deferentes

67 3083 251 3149 admittere.
285 3082 403 3148 Omnes
421 3082 522 3168 igitur
544 3081 765 3165 quaestionem
788 3082 827 3146 de
845 3103 897 3166 eo,
920 3084 957 3146 ut
977 3081 1130 3166 parti-1⁵

67 3173 158 3256 cipes
184 3172 314 3237 sceleris
341 3170 483 3236 indicare
511 3174 693 3255 cogeretur,
719 3169 901 3234 habendam
928 3191 998 3236 esse
1026 3170 1097 3235 de·'

11 3273 54 3338 31
68 3263 215 3326 cernunt.
258 3259 329 3324 Rex
355 3258 551 3342 admonitos,
582 3261 620 3322 ut
646 3256 815 3324 consilium
843 3258 971 3323 silentio
1004 3279 1077 3341 pre-

68 3353 208 3433 merent,
232 3347 375 3412 dimittit
415 3345 623 3412 Pronuntiari
645 3345 758 3411 deinde
778 3348 841 3412 iter
858 3346 891 3410 in
914 3349 1078 3430 posterum

68 3437 174 3522 iubet,
200 3457 242 3502 ne
270 3458 333 3521 qua
359 3435 437 3500 nori
463 3434 535 3498 initi
558 3434 686 3499 consilii
709 3435 838 3500 daretur
860 3437 947 3499 nota
992 3433 1131 3504 lusi-16

67 3528 160 3590 tatus
182 3528 232 3590 est
254 3525 354 3589 etiam
371 3522 517 3588 Philotas
537 3522 577 3586 ad
595 3523 726 3588 ultimas
749 3523 813 3606 ipsi
837 3523 948 3605 epulas
967 3526 1000 3587 et
1021 3543 1078 3587 rex

68 3635 136 3679 non
154 3634 288 3679 coenare
306 3613 411 3695 modo,
430 3612 485 3676 sed
504 3612 602 3675 etiam
620 3611 823 3676 familiariter
837 3608 987 3694 conloqui
1005 3631 1077 3675 cum
