2552 4108
201 150 239 206 lv
599 149 806 206 PRAEFATIO.

202 291 303 347 Berub.
321 297 389 348 1870
401 308 428 362 p.
444 293 505 357 ³ll=
526 289 655 345 ‘fortusse
673 290 698 344 is
716 308 812 345 verum
831 291 1011 360 adsequetur,
1035 293 1082 360 qui
1101 293 1203 362 ubique

203 362 309 418 codicis
322 361 409 418 Paris.
425 359 559 416 lectiones
574 360 707 430 praefert:
726 378 804 429 nam,
824 361 936 430 utquid
952 363 1071 417 sentiam
1084 364 1203 433 ingenue

202 433 341 504 profitear,
357 434 443 488 codex
453 431 538 486 Paris.
554 431 677 487 melioris
690 431 801 502 generis
816 432 938 488 deterius
948 435 1095 504 exemplar,
1110 436 1203 490 arche-

202 507 291 575 typon
304 506 398 559 autem
412 503 492 558 codd.
511 504 547 557 B.
559 503 594 557 F.
605 503 640 558 L.
657 503 688 557 V.
708 503 854 558 deterioris
872 505 983 573 generis
1000 506 1100 560 melius
1113 522 1203 560 exem-

201 575 265 646 plar
296 576 506 656 repraesentare
538 572 609 626 mihi
640 572 772 628 videtur’.
815 573 1017 630 Gratulandum
1043 579 1138 630 tumen
1160 579 1205 631 est

202 646 246 700 his
265 644 379 711 studris,
403 644 478 713 quod
496 643 550 697 viri
568 660 691 698 summae
710 643 740 698 in
762 643 899 700 eiusmodi
916 646 999 700 rebus
1018 647 1203 715 auctoritatis,

202 717 252 772 Ed.
271 715 496 771 Woelfflinus
515 718 545 769 et
562 715 594 770 A.
613 715 759 784 Hngius,
778 714 932 770 identidem
950 717 1101 772 monitores
1120 719 1203 772 exsti-

201 788 308 855 terunt,
325 803 362 841 ne
380 785 531 840 immodica
548 788 624 839 esset
641 785 746 840 codicis
759 785 880 840 Parisini
897 790 930 841 ut
942 786 1009 842 libri
1022 806 1110 858 nuper
1121 789 1204 857 quasi

202 857 304 927 reperti
318 856 476 912 admiratio.
512 855 693 912 Metuendum
706 855 780 911 euim
794 874 861 912 eane
879 860 951 924 erat,
971 858 995 912 si
1013 859 1134 914 editores
1159 859 1204 914 illi

201 928 274 982 libro
289 944 318 982 se
327 927 414 982 nimio
425 926 518 982 studio
528 926 710 995 addixissent,
724 944 759 982 ne
770 931 990 998 corrumperetur
999 930 1109 999 saepius
1119 947 1205 998 quarn

201 999 395 1054 emendaretur
418 997 449 1063 Q.
477 995 556 1052 Curti
581 997 678 1053 oratio.
720 997 809 1063 Quam
831 1000 1005 1056 considerate
1030 999 1059 1054 in
1085 1000 1203 1071 singulis

201 1069 271 1126 locis
290 1067 471 1124 emendandis
490 1067 614 1123 codicem
633 1069 713 1122 illum
731 1085 784 1139 ego
803 1069 992 1138 adhibuerim,
1012 1070 1131 1125 aliorum
1149 1072 1204 1126 erit

201 1139 338 1196 indicere:
352 1157 438 1194 unum
450 1155 507 1193 nen
521 1139 620 1194 dubito
635 1140 747 1205 testari,
763 1156 870 1194 summa
882 1141 933 1195 reli
955 1141 1018 1196 ione
1031 1158 1076 1196 me
1090 1158 1203 1212 operam

202 1211 325 1278 dedisse,
343 1211 376 1264 ut
392 1226 429 1265 ne
446 1226 493 1278 ea,
512 1226 597 1278 quam
611 1210 646 1264 de
659 1210 790 1264 universa
802 1210 923 1264 Parisini
935 1159 991 1266 ide
1005 1213 1202 1282 concepissem,

201 1280 349 1408 effebiu
364 1279 485 1364 singulis
503 1280 573 1336 locis
592 1279 776 1335 discutiendis
798 1297 844 1336 me
865 1281 971 1338 faceret
988 1283 1102 1352 reliquis
1120 1283 1202 1338 bonis

201 1370 215 1408 c
266 1369 292 1407 cr
311 1369 345 1406 ns
362 1367 537 1421 rmqurerem.

270 1423 372 1478 Restat
388 1425 422 1478 ut
438 1422 473 1477 de
489 1420 683 1477 ‘adnotatione
696 1421 806 1476 critica’
822 1438 895 1491 qnae
909 1424 1088 1492 subsequitur
1105 1425 1201 1494 paucis

201 1495 353 1550 absolvam
384 1493 428 1549 Ne
446 1507 496 1548 eae
514 1491 652 1560 scidulas,
669 1508 726 1547 non
743 1494 803 1546 tarn
821 1495 1067 1563 grammaticorum
1086 1495 1202 1550 criticen

201 1564 387 1621 exercentium
410 1580 495 1633 quam
516 1563 656 1618 variorum
678 1563 814 1618 lectorum
831 1563 895 1616 usui
913 1565 1082 1632 destinatae,
1106 1566 1201 1620 inutili

202 1637 352 1692 lectionum
360 1633 503 1704 ferragine
512 1635 700 1700 onerarentur,
713 1633 876 1688 manifestas
886 1633 1062 1690 librariorum
1072 1637 1200 1707 ineptias,

201 1707 225 1761 si
239 1707 352 1777 quidem
366 1722 455 1776 aeque
467 1705 626 1760 necessaria
638 1704 797 1760 emendatio
812 1707 897 1773 atque
910 1707 1041 1774 expedita
1055 1724 1116 1763 esse
1125 1708 1201 1763 vide·

202 1780 295 1844 batur,
323 1777 435 1832 silentio
458 1774 604 1847 praeterii,
633 1775 669 1830 iis
693 1775 743 1844 qui
768 1775 840 1831 talio
861 1781 961 1830 curant
983 1777 1148 1848 Zumptiana
1172 1783 1202 1833 et

202 1848 375 1904 [dedielriana
392 1847 563 1903 editionibus
582 1846 651 1901 satis
670 1847 827 1902 consultum
844 1863 905 1902 esse
920 1846 1081 1905 arbitratus.
1107 1851 1201 1917 Aqua

202 1918 309 1973 ratione
333 1917 357 1972 si
379 1917 425 1973 hio
447 1917 508 1973 illic
531 1917 659 1985 discessi,
687 1920 737 1973 aut
759 1917 789 1972 id
810 1917 880 1972 mihi
902 1919 1043 1987 volebam,
1071 1922 1103 1974 nt
1124 1923 1201 1975 certa

200 1989 362 2043 mendorum
381 2005 484 2057 genera
501 1988 629 2043 codicum
642 1987 836 2043 curtianorum
850 1990 969 2045 maxime
982 1991 1097 2060 propria
1109 2006 1199 2046 exem·

200 2058 255 2128 plis
278 2060 419 2126 notarem,
442 2059 493 2113 aut
515 2059 679 2112 dubitabam
702 2059 737 2113 de
755 2060 914 2129 propositae
933 2061 1136 2115 emendationis
1154 2062 1199 2116 vel

201 2129 368 2184 necessitate
386 2127 432 2184 vel
444 2128 654 2197 probabilitate.
682 2129 870 2183 Librariornm
889 2130 919 2184 in
937 2131 1094 2201 regionum,
1113 2149 1199 2202 popu·
1274 2123 1275 2158 ³

201 2202 297 2268 lorum,
311 2198 455 2255 hominum
468 2197 627 2254 nominibus
640 2197 841 2254 hariolatioues
855 2216 967 2269 perraro
977 2203 1097 2273 exempli
1106 2203 1200 2272 gratia

200 2269 341 2327 adnotavi.
381 2269 420 2324 Ut
444 2268 486 2324 ita
507 2285 553 2324 me
573 2268 756 2336 continerem,
779 2285 835 2324 non
857 2271 941 2325 modo
963 2274 1055 2342 operis
1078 2276 1198 2343 suscepti

200 2341 272 2396 ratic
299 2357 394 2396 verum
417 2356 583 2409 aequoque
604 2339 705 2409 religio
727 2357 772 2408 me
793 2339 894 2409 movit,
916 2357 952 2396 ne
974 2342 1004 2396 in
1027 2343 1198 2411 Hediclrii,

199 2411 252 2466 viri
275 2411 444 2478 doctissimi,
470 2410 596 2481 collegae
619 2409 767 2478 carissimi,
790 2426 908 2466 messem
926 2411 1063 2483 inrupisse
1082 2415 1197 2471 viderer.

200 2482 252 2538 Oui
265 2499 298 2538 eo
316 2483 408 2537 minus
426 2481 522 2537 decuit
538 2482 691 2551 quidquam
704 2499 749 2535 me
762 2482 836 2537 velle
849 2482 1010 2552 subducere,
1029 2502 1085 2554 quo
1098 2486 1198 2555 magis,

200 2553 336 2622 quidquid
355 2554 390 2609 de
409 2552 576 2623 optimorum
593 2552 730 2607 librorum
752 2552 919 2608 lectionibus
938 2554 1081 2626 cognitum
1098 2557 1198 2622 habeo,

199 2623 243 2679 illi
259 2624 436 2693 potissimum
453 2625 595 2693 receptum
612 2622 710 2678 refero.
737 2622 811 2678 Nam
828 2641 900 2692 quae
919 2625 969 2679 alii
982 2627 1108 2682 homines
1122 2627 1198 2682 docti

198 2698 264 2765 post
285 2694 416 2750 Hediclrii
439 2694 591 2750 editionem
612 2711 637 2749 a
662 2699 730 2749 1867
753 2693 883 2749 emissam
905 2711 921 2750 e
945 2695 1032 2751 Curtii
1056 2697 1198 2753 codicibus

199 2766 243 2821 vel
262 2765 371 2822 veriora
387 2765 434 2820 vel
451 2782 525 2820 nova
541 2766 718 2836 protulerunt
735 2764 776 2834 (A.
796 2765 843 2819 Hu
849 2783 881 2835 g,
905 2769 1024 2834 quaestt
1044 2768 1119 2824 cure.
1137 2769 1166 2824 P.
1187 2770 1198 2823 1

200 2843 282 2902 18⁷0,
306 2835 405 2891 Philol.
425 2836 520 2892 XXXI.
540 2843 570 2902 23
595 2835 679 2890 index
696 2834 794 2905 philol.
813 2835 845 2891 II.
864 2843 981 2906 460sqq.
1000 2839 1046 2893 111.
1067 2847 1116 2895 1⁷0
1124 2857 1197 2907 sqq.;

199 2906 328 2962 Bursiani
342 2907 435 2963 annal.
455 2913 522 2963 1873
536 2925 562 2977 p.
577 2913 629 2961 499
643 2908 709 2971 etc.;
726 2906 759 2960 A.
773 2906 932 2975 Eussner,
952 2924 1024 2978 spec.
1039 2909 1099 2965 crit
1116 2916 1197 2974 18683

199 2977 299 3032 Philet
318 2977 427 3032 XXXII.
448 2984 498 3033 166
508 2995 584 3046 sqq.;
606 2977 643 3032 M.
662 2977 753 3046 Ring
771 2977 805 3032 da
825 2976 913 3032 Curtii
931 2980 1011 3034 codd.
1030 2980 1197 3052 Hungericis

201 3055 281 3114 18733
300 3046 331 3103 0.
350 3047 531 3102 Schflssler
549 3048 584 3102 da
603 3047 692 3103 Curtii
710 3046 805 3102 codice
824 3046 974 3104 Oxoniensi
994 3056 1084 3122 1874),
1107 3068 1197 3120 neque

199 3118 242 3174 ita
257 3118 348 3174 multa
365 3120 444 3172 erant
461 3134 551 3186 neque
565 3118 602 3173 ad
614 3135 707 3174 meum
721 3135 801 3172 usum
814 3119 910 3188 magni
922 3121 1056 3175 momenti
1092 3121 1196 3187 Quodsi

198 3189 273 3246 infra
293 3189 402 3257 aliquot
423 3189 493 3244 locis
510 3188 595 3245 aliam
618 3192 703 3258 atque
720 3188 873 3243 Hediclrius
894 3189 924 3244 in
942 3191 1066 3247 editione
1084 3209 1135 3247 sua
1152 3209 1196 3247 co·

199 3259 293 3314 dicum
310 3259 476 3330 scripturam
493 3259 643 3328 exhibebo,
661 3262 726 3330 peto
744 3276 780 3314 rra
798 3261 902 3328 temere
916 3262 969 3316 hoo
981 3261 1105 3319 incuriae
1117 3279 1196 3319 meae

199 3330 366 3411 imputatum
383 3330 520 3385 nonnulle
537 3330 612 3385 eninr
629 3347 703 3386 nova
720 3329 751 3384 in
764 3329 954 3400 disputatione
968 3348 993 3387 a
1009 3340 1077 3390 teto
1089 3334 1196 3406 publici

198 3400 267 3456 iuris
285 3400 361 3456 lacta
376 3401 495 3471 protulit
511 3401 560 3455 ille
573 3401 617 3455 vir
631 3400 820 3468 doctissimus,
840 3401 897 3456 alia
909 3401 985 3458 idem
997 3403 1196 3460 humanissime

217 3471 329 3527 rivatim
342 3488 450 3526 mecum
463 3472 691 3538 communicavit,
728 3473 855 3526 meteres
867 3471 959 3526 denuo
972 3488 1086 3529 excusse
1100 3475 1195 3530 codice

184 3489 332 3598 Xemeusi
349 3543 381 3598 Δ.
400 3541 509 3612 Hugins
527 3543 562 3598 de
581 3541 692 3612 aliquot
708 3489 779 3597 iircis
797 3541 970 3597 accuratiora
987 3543 1091 3601 docuit

266 3611 289 3668 Ε
308 3629 410 3683 magna
429 3613 510 3683 copia
527 3613 765 3681 emendationum,
789 3628 860 3681 quae
883 3629 946 3666 eum
964 3615 1048 3669 antea
1069 3617 1129 3670 tum
1150 3616 1194 3670 his
