2600 4096
256 155 510 240 fflsTORmRUM
527 157 741 213 chamum
759 157 835 226 vm,
856 164 897 212 12.
918 163 959 214 13.
1042 156 1108 220 219

104 298 262 382 fluminis,
285 300 370 385 quod
390 301 621 367 transeundum
643 304 726 385 erat,
747 301 935 387 magnitudo
957 301 1110 366 terrebat

103 405 158 452 1111
185 387 220 452 iu
246 388 450 454 latitudinem
480 390 585 454 stadia
612 389 745 454 diffusus
772 389 931 473 profundo
958 388 1049 454 alveo
1077 391 1110 453 et

102 497 266 646 billi
289 475 1144 650 :claruistittttllluttlittll.

102 651 288 735 coercebat,
310 653 366 716 sed
389 654 481 736 quasi
497 654 532 718 in
550 657 657 718 artum
674 655 864 718 coeuntibus
884 652 964 736 ripis
982 655 1108 716 torrens

103 741 137 804 et
169 738 269 804 elisus
300 739 476 824 ferebatur,
508 742 696 825 occultaque
728 763 806 806 saxa
832 741 937 806 inesse
964 738 1109 804 ostende·

102 827 186 891 bant
217 827 364 911 pluribus
404 828 485 893 locis
516 830 621 894 undae
651 849 865 912 repercussae.
918 827 1108 893 Terribilior
1128 838 1161 888 10

101 914 203 979 facies
217 919 288 979 erat
299 915 398 1002 ripae,
416 938 514 1001 quam
532 917 606 1001 equi
623 917 747 1001 virique
766 917 1002 999 conpleverant.
1038 913 1108 980 Sta

102 1003 185 1067 bant
221 1003 369 1088 ingentes
400 1008 566 1070 vastorum
597 1026 765 1088 corporum
796 1005 897 1069 moles
929 1007 962 1068 et
993 1004 1032 1068 de
1063 1003 1109 1067 in·

103 1090 230 1155 dustria
260 1091 411 1157 inritatae
442 1092 602 1159 horrendo
633 1091 771 1158 stridore
797 1113 891 1156 aures
918 1091 1109 1175 fatigabant.

102 1177 192 1243 Hinc
219 1180 336 1262 amnis,
362 1179 439 1246 hinc
465 1180 570 1246 hostis
600 1180 731 1265 capacia
758 1180 886 1264 quidem
912 1179 1016 1245 bonae
1039 1179 1109 1262 spei
1128 1191 1159 1239 ιι

102 1269 240 1349 pectora
266 1271 300 1331 et
325 1289 422 1351 saepe
450 1290 485 1333 se
508 1273 638 1353 experta
664 1268 827 1354 inproviso
854 1271 963 1332 tamen
989 1288 1108 1350 pavore

102 1359 359 1456 percusserant.
404 1355 528 1440 Quippe
553 1356 721 1422 instabiles
743 1359 831 1421 rates
858 1377 917 1421 nec
943 1355 1039 1438 dirigi
1068 1355 1108 1456 ad

102 1463 212 1594 'itit
235 1444 698 1617 lillibltltttafft
716 1442 1110 1617 tttltllultltli
1128 1455 1161 1503 ¹²

104 1619 205 1683 dones
231 1623 346 1684 nantes
372 1621 488 1684 levatis
520 1643 617 1704 super
647 1622 754 1704 capita
786 1621 884 1685 armis
915 1618 1109 1683 transibant

103 1705 157 1770 Ibi
181 1705 267 1770 levia
288 1708 411 1790 proelia
431 1710 679 1774 conserebantur
701 1713 734 1773 et
755 1712 889 1792 uterque
912 1729 968 1772 rex
990 1726 1109 1790 parvae

103 1795 153 1859 rei
170 1793 355 1860 discrimine
373 1817 517 1862 summae
531 1796 754 1879 experiebatur
769 1801 926 1861 eventum.
958 1792 1110 1860 Ceterum
1129 1805 1161 1853 13

103 1884 138 1946 in
164 1881 376 1947 Macedonum
406 1885 547 1949 exercitu
574 1885 754 1948 temeritate
783 1887 878 1967 atque
906 1883 1041 1948 audacia
1062 1882 1110 1945 in·

103 1971 215 2056 signes
241 1970 330 2036 fuere
357 1969 569 2054 Symmachus
596 1976 629 2036 et
649 1972 806 2056 Nicanor,
830 1972 955 2036 nobiles
978 1971 1108 2036 iuvenes

103 2062 138 2122 et
168 2062 326 2142 perpetua
356 2059 497 2143 partium
523 2060 680 2125 felicitate
708 2061 748 2124 ad
776 2060 988 2145 spemeudum
1016 2080 1110 2124 omne

103 2147 283 2230 periculum
299 2150 433 2212 accensi.
469 2148 548 2224 Quis
565 2149 698 2214 ducibus
711 2149 946 2232 promptissimi
959 2149 1110 2214 iuvenum
1130 2159 1163 2208 14

105 2234 227 2300 lanceis
257 2234 351 2300 modo
384 2237 501 2300 armati
531 2239 741 2302 transnavere
766 2239 801 2301 in
826 2237 982 2320 insulam,
1012 2256 1110 2320 quam

104 2324 256 2407 frequens
278 2322 382 2388 hostis
405 2325 550 2408 tenebat,
571 2326 754 2411 multosque
776 2325 940 2406 Indorum,
961 2324 1052 2388 nulla
1074 2344 1109 2387 re

105 2411 222 2475 melius
257 2433 354 2495 quam
388 2412 522 2476 audacia
553 2414 682 2497 armati,
717 2415 956 2478 interemerunt.
1009 2411 1109 2475 Abire
1129 2423 1161 2472 15

102 2520 178 2564 cum
206 2499 312 2584 gloria
337 2503 500 2582 poterant,
533 2501 561 2566 si
588 2523 740 2586 umquam
767 2501 932 2564 temeritas
959 2498 1037 2562 felix
1061 2499 1108 2561 in·

104 2587 233 2652 veniret
259 2587 404 2652 modum:
434 2587 490 2652 sed
518 2589 594 2653 dum
617 2588 875 2672 supervenientes
898 2586 1108 2669 contemptim

103 2680 138 2740 et
161 2675 298 2759 superbe
322 2697 447 2759 quoque
470 2681 652 2760 expectant,
678 2675 887 2742 circumventi
908 2673 949 2738 ab
971 2675 1027 2756 iis,
1054 2674 1110 2757 qui

105 2763 225 2829 occulti
246 2768 430 2848 enaverant,
453 2766 577 2828 eminus
600 2765 708 2829 obruti
731 2765 806 2828 telis
830 2766 912 2827 sunt
954 2762 1015 2840 Qui
1033 2763 1109 2827 effu-
1129 2776 1162 2824 lo

106 2856 222 2938 gerant
244 2850 386 2936 hostem,
409 2857 465 2917 aut
487 2854 610 2936 impetu
633 2853 736 2916 amnis
755 2851 857 2916 ablati
876 2854 952 2915 sunt
969 2855 1026 2915 aut
1042 2872 1109 2915 ver·

58 2940 226 3008 ltticibus
249 2939 397 3024 inpliciti.
441 2940 554 3024 anue
575 2961 684 3025 pugna
704 2940 842 3004 multum
863 2938 939 3004 Pori
960 2938 1109 3004 fiduciam

106 3027 209 3093 erexit
235 3032 350 3092 cuncta
374 3029 533 3093 cernentis
557 3050 575 3092 e
597 3029 676 3112 ripa.
715 3026 899 3094 Alexander
920 3029 1013 3111 inops
1036 3047 1109 3091 con·
1129 3039 1160 3088 lv

106 3116 173 3180 silii
203 3115 332 3180 tandem
363 3117 403 3180 ad
431 3116 606 3181 fallendum
636 3116 763 3181 hostem
793 3116 894 3180 talem
922 3115 1032 3180 dolum
1063 3115 1109 3178 in·

105 3204 220 3270 tendit.
263 3203 346 3268 Erat
376 3204 483 3269 insula
513 3205 548 3269 in
574 3205 703 3268 flumine
731 3205 867 3288 amplior
894 3203 1022 3287 ceteris,
1054 3203 1110 3268 sil·

106 3292 223 3357 vestris
254 3291 365 3357 eadem
392 3295 426 3356 et
446 3292 593 3376 tegendis
621 3293 747 3357 insidiis
775 3296 861 3376 apta.
908 3290 1011 3356 Fossa
1033 3313 1110 3376 quo·

106 3401 167 3464 que
199 3382 344 3463 praealta
374 3380 461 3444 haud
492 3381 603 3463 procul
633 3381 718 3465 ripa,
750 3403 846 3465 quam
872 3379 1005 3444 tenebat
1030 3381 1109 3463 ipse,

104 3489 171 3534 non
192 3468 318 3554 pedites
336 3469 445 3552 modo,
468 3469 523 3534 sed
546 3468 643 3533 etiam
665 3490 738 3533 cum
761 3470 850 3553 equis
872 3468 959 3532 viros
981 3471 1110 3551 poterat

106 3556 308 3622 abscondere.
353 3556 457 3642 Igitur
478 3560 516 3620 ut
538 3578 558 3621 a
579 3557 725 3622 custodia
742 3555 837 3621 huius
856 3556 1108 3640 opportunitatis
1129 3567 1161 3617 18
