2552 4108
192 145 233 208 10
563 144 594 209 Q.
613 143 722 199 CURTI
739 145 826 200 RUFI

190 289 335 373 deposita
356 289 392 352 in
414 291 585 373 conspectu
609 287 807 372 agminis-
831 288 978 355 decorum
998 309 1125 374 quoque
1148 289 1202 354 fu·

189 383 296 442 turum
319 380 421 460 ratus,
445 377 472 441 si
494 375 688 441 ostendisset
710 376 785 461 suis,
807 378 871 442 1011
893 382 926 442 01
946 379 1085 461 parabili
1109 379 1201 442 cultu

190 467 331 551 corporis
364 485 397 529 se
425 485 494 529 esse
526 467 712 529 contentum
743 500 788 512 -
817 466 980 530 deseendit
1006 467 1041 531 in
1069 466 1201 531 fiumen.

155 575 170 622 a
189 555 314 640 Vixque
336 553 474 637 ingressi
497 554 602 617 subito
625 553 757 617 horrore
781 557 868 620 artus
891 555 996 639 rigere
1015 559 1201 639 coeperunt,

189 645 294 728 pallor
316 641 428 704 deinde
447 641 584 705 suffusus
603 644 653 704 est
670 643 703 704 et
716 643 821 706 10111111
834 641 1065 726 propemodum
1080 663 1201 726 corpus

155 731 296 800 avitalis
324 730 409 792 calor
434 729 536 812 liquit.
580 727 750 811 Expiranti
778 729 913 794 similem
936 731 1076 794 ministri
1098 753 1203 795 manu

191 819 352 901 excipiunt
373 837 432 880 nec
455 818 534 881 satis
556 820 735 901 compotem
758 819 874 882 mentis
897 820 933 882 in
953 819 1203 883 tabernaculum

191 908 345 970 defernnt.
388 903 508 989 Ingens
540 904 719 970 sollicitudo
749 908 782 969 et
807 928 909 989 paene
936 907 1001 970 iam
1027 907 1134 972 luctus
1165 908 1203 970 in

155 995 303 1062 ceastris
335 996 411 1056 erat.
463 992 591 1058 Flentes
623 994 850 1079 querebantur,
881 995 917 1058 in
948 998 1040 1060 tanto
1073 994 1201 1077 impetu

191 1102 348 1166 cursuque
365 1103 472 1144 rerum
491 1082 594 1146 omnis
613 1081 728 1147 aetatis
747 1104 785 1147 ao
797 1082 969 1146 memoriae
984 1083 1203 1148 clarissimum

190 1191 297 1255 regem
319 1190 387 1235 non
407 1170 442 1233 in
464 1171 530 1234 acie
553 1171 675 1252 saltem,
696 1190 762 1234 non
785 1170 824 1234 ab
842 1171 936 1236 hoste
953 1171 1119 1254 deiectum,
1143 1172 1202 1234 sed

196 1259 377 1323 abluentem
412 1279 495 1342 aqua
527 1279 641 1340 corpus
673 1261 815 1342 ereptum
847 1279 917 1324 esse
949 1262 982 1323 et
1011 1259 1202 1324 extinctum.

156 1365 173 1414 o
190 1345 314 1411 Instare
335 1344 490 1430 Dareum,
520 1345 686 1427 victorem,
713 1349 885 1430 antequam
906 1347 1040 1412 vidisset
1061 1347 1203 1413 hostem.

191 1433 259 1500 Sibi
287 1435 412 1499 easdem
435 1437 550 1516 terras,
583 1455 662 1518 quas
684 1433 818 1499 victoria
839 1439 1077 1519 peragrassent,
1107 1457 1200 1519 repe-

190 1524 317 1588 tendas:
355 1522 462 1586 omnia
493 1524 549 1584 aut
580 1521 667 1606 ipsos
699 1525 755 1585 aut
785 1521 895 1588 hostes
922 1523 1108 1608 populatos:
1140 1545 1204 1607 per

190 1616 297 1678 vastas
326 1609 527 1692 solitudines,
560 1609 685 1673 etiamsi
711 1631 805 1674 nemo
828 1611 953 1694 insequi
975 1613 1061 1695 velit,
1084 1615 1201 1676 euntes

155 1700 273 1765 riame
296 1703 390 1782 atque
412 1697 521 1780 inopia
544 1697 695 1762 debellari
716 1719 819 1782 posse.
865 1699 967 1776 Quem
991 1699 1118 1784 signum
1143 1700 1201 1764 da·

189 1793 298 1852 turmn
323 1784 543 1871 fugientibus?
580 1807 673 1868 quem
702 1808 852 1850 ausurum
879 1787 1062 1852 Alexandro
1090 1808 1202 1852 succe-

190 1876 285 1940 dere?
315 1873 384 1938 Iam
406 1878 443 1938 111
465 1873 505 1938 ad
522 1871 767 1959 Hellespontum
789 1874 867 1959 fuga
886 1876 1094 1959 penetrarint,
1117 1876 1201 1939 clas·

155 1983 272 2045 asem,
295 1984 358 2045 qua
379 1965 554 2045 transeant,
577 1983 671 2046 quem
692 1962 978 2045 praeparaturum?
1015 1962 1138 2027 Rursus
1163 1964 1200 2028 in

194 2052 300 2133 ipsum
322 2069 430 2134 regem
452 2050 669 2114 misericordia
687 2071 780 2114 versa
798 2051 889 2115 illum
907 2051 1019 2115 florem
1037 2051 1200 2135 iuventae,

84 2153 88 2158 ’
190 2139 280 2202 illam
302 2136 368 2201 11111
390 2136 502 2214 animi,
529 2136 663 2201 eundem
686 2157 793 2222 regem
817 2141 850 2202 et
877 2139 1126 2203 commilitonem
1151 2139 1199 2202 di-

155 2247 171 2296 9
190 2226 265 2291 10111
284 2248 303 2290 0
321 2247 355 2290 se
373 2227 407 2289 01
424 2224 570 2306 abrumpi
583 2223 775 2290 inmemores
790 2226 840 2291 sui
853 2228 1075 2309 querebantur.
1106 2226 1199 2291 Inter
1212 2225 1244 2289 11

189 2315 268 2379 haee
290 2312 421 2377 liberius
444 2333 550 2376 meare
574 2312 703 2394 spiritus
726 2318 875 2397 coeperat
893 2315 1122 2399 adlevabatque
1140 2336 1199 2379 rex

191 2402 300 2467 oculos
325 2404 357 2464 et
378 2400 534 2483 paulatim
556 2401 707 2466 redeunte
730 2403 838 2466 animo
857 2402 1100 2467 circumstantes
1119 2404 1198 2467 ami·

190 2512 244 2556 cos
268 2491 456 2575 agnoverat:
479 2488 647 2573 laxataque
665 2489 714 2554 vis
732 2491 836 2554 morbi
856 2490 897 2555 ob
915 2491 978 2556 hoc
993 2490 1098 2556 solum
1111 2491 1198 2556 vide·

140 2598 172 2645 10
190 2579 292 2661 batur,
316 2578 391 2662 quia
404 2577 657 2662 magnitudinem
671 2578 748 2643 mali
762 2577 931 2643 sentiebat
962 2579 1073 2642 Animi
1088 2582 1197 2645 autem

191 2667 356 2751 aegritudo
381 2687 494 2749 corpus
517 2666 683 2750 urguebat,
707 2666 823 2751 quippe
846 2664 987 2731 Dareum
1011 2667 1121 2752 quinto
1145 2667 1198 2732 die

190 2758 225 2817 in
248 2753 360 2820 cilicia
380 2753 450 2818 fore
472 2754 689 2818 nuntiabatur.
726 2754 878 2819 Vinctum
901 2775 977 2840 ergo
1001 2776 1034 2819 se
1057 2754 1141 2818 tradi
1164 2757 1199 2820 01

189 2845 314 2907 tantam
337 2841 503 2906 victoriam
526 2841 605 2924 eripi
629 2842 691 2906 sibi
714 2863 752 2906 ex
774 2842 923 2907 manibus
947 2844 1144 2926 obscuraque
1164 2846 1200 2908 01

190 2930 325 3014 ignobili
352 2933 456 2994 morte
481 2929 517 2992 in
542 2930 749 2994 tabernaculo
773 2931 917 3016 extingui
940 2951 974 2994 se
998 2931 1199 3015 querebatur.

138 3036 170 3085 11
190 3017 413 3101 Admissisque
441 3017 550 3082 amicis
572 3018 692 3102 pariter
715 3039 752 3084 ac
774 3019 919 3084 medicis:
956 3017 1011 3082 ‘In
1034 3040 1096 3102 quo
1120 3017 1199 3103 me',

189 3107 307 3191 inquit,
335 3104 480 3170 ‘articulo
502 3126 608 3170 rerum
630 3125 773 3172 mearum
794 3107 923 3172 fortuna
946 3105 1199 3191 deprehenderit,

191 3195 329 3259 cernitis.
375 3192 548 3276 Strepitum
573 3193 739 3258 hostilium
762 3215 923 3260 armorum
946 3194 1094 3259 exaudire
1116 3194 1199 3258 mibi

140 3302 171 3350 12
190 3282 299 3348 videor
321 3284 365 3366 et,
389 3282 444 3365 qui
465 3282 550 3345 ultro
573 3281 667 3344 intuli
688 3282 821 3367 bellum,
843 3283 910 3346 iam
931 3304 1095 3366 provocor.
1132 3281 1198 3347 Da·

189 3391 261 3435 reus
280 3391 357 3455 ergo
376 3391 449 3435 cum
465 3373 533 3434 tam
552 3371 704 3452 superbas
724 3371 833 3435 literas
853 3371 1012 3456 scriberet,
1033 3371 1199 3435 fortunam

190 3480 295 3523 meam
317 3459 352 3522 in
376 3457 508 3522 oonsilio
531 3457 656 3522 habuit:
687 3459 742 3522 sed
764 3459 974 3544 nequiquam,
996 3459 1024 3523 si
1047 3459 1126 3522 mihi
1148 3481 1198 3522 ar-

139 3567 171 3614 13
190 3546 286 3615 bitrio
310 3568 381 3612 meo
404 3546 508 3612 curari
530 3547 612 3612 lieet.
654 3545 756 3610 Lenta
777 3547 918 3621 remedia
941 3550 973 3610 et
995 3567 1109 3632 segnes
1132 3568 1198 3611 me·
