2600 4096
234 199 300 264 210
602 200 633 266 Q.
653 197 763 254 GURTI
780 199 866 254 RUFI

179 358 215 406 33
235 343 319 409 deor.
361 343 440 420 Quis
462 343 571 408 credat
588 343 673 408 inter
695 342 776 408 haec
792 343 873 407 vitia
896 365 1003 408 curam
1021 364 1091 408 3333
1112 344 1259 427 sapien-33

233 431 320 498 tiae?
363 431 471 498 Unum
503 433 629 516 agreste
660 434 694 496 et
725 431 891 496 horridum
923 452 1023 517 genus
1055 435 1118 514 est,
1147 433 1222 516 quod

180 535 216 585 33
234 521 395 605 sapientes
420 522 547 586 vocant.
594 518 693 602 Apud
714 517 775 584 hos
798 540 954 602 occupare
975 519 1037 584 fati
1059 519 1142 584 diem
1162 521 1223 603 pul-

234 609 345 676 chrum
373 612 406 673 ot
427 607 518 672 vivos
543 628 577 671 se
601 606 735 671 cremari
757 607 882 690 iubent,
931 608 1024 672 uibus
1047 612 1105 673 aut
1126 608 1223 692 segnis

234 702 323 763 aetas
346 698 404 761 aut
424 694 626 760 incommoda
648 695 791 760 valitudo
815 699 874 760 est
946 699 1130 780 spectatam
1150 718 1223 760 mor·

233 790 301 852 tem
326 805 386 868 pro
413 783 564 848 dedecore
590 782 676 848 vitae
702 781 825 848 habent
849 803 909 848 nec
929 783 1016 849 ullus
1039 784 1224 868 corporibus,

235 893 317 958 quae
340 874 485 938 senectus
507 871 620 954 solvit,
640 870 744 937 honos
761 870 916 936 redditur:
938 872 1102 957 inquinari
1119 876 1225 956 putant

180 978 216 1028 aa
234 961 354 1046 ignem,
375 959 439 1025 uisi
461 961 516 1045 qui
538 961 699 1044 spirantes
720 960 842 1043 recipit
882 959 946 1044 Illi,
968 960 1024 1044 qui
1046 961 1084 1026 in
1103 960 1224 1026 urbibus

234 1048 373 1134 publicis
395 1048 538 1113 moribus
557 1048 686 1133 degunt,
709 1047 849 1112 siderum
866 1053 973 1113 motus
992 1049 1072 1114 scite
1092 1052 1224 1134 spectare

235 1136 384 1203 dicuntur
405 1139 438 1201 et
459 1136 569 1202 futura
590 1134 782 1220 praedicere.
824 1134 894 1202 Nec
915 1157 1110 1220 quemquam
1131 1137 1224 1202 admo·

231 1235 308 1291 'vere
329 1225 388 1290 leti
410 1223 495 1290 diem
517 1223 664 1308 credunt,
691 1224 744 1290 cui
770 1228 935 1307 expectare
958 1225 1110 1292 interrito
1132 1226 1225 1290 liceat.

182 1333 217 1383 34
235 1313 321 1380 Deos
343 1317 472 1398 putant,
499 1311 653 1399 quidquid
674 1312 779 1378 colere
801 1317 988 1398 coeperunt,
1016 1314 1149 1379 arbores
1169 1335 1224 1378 ma·

181 1422 217 1472 33
234 1403 329 1486 xime,
345 1423 424 1485 quas
438 1400 558 1466 violare
576 1399 696 1485 capital
714 1405 772 1467 est.
807 1398 933 1466 Menses
951 1401 986 1465 in
1004 1401 1122 1486 quinos
1139 1403 1224 1466 denos

181 1512 216 1562 33
235 1491 466 1575 discripserunt
482 1487 559 1573 dies,
576 1488 652 1554 anni
670 1488 767 1572 plena
784 1490 892 1573 spatia
909 1494 1089 1556 servantur.
1128 1489 1225 1554 Lunae

235 1601 329 1646 cursu
354 1579 470 1643 notant
490 1579 650 1661 tempora,
676 1598 755 1662 non,
779 1581 817 1641 ut
838 1577 996 1662 plerique,
1024 1599 1098 1644 cum
1127 1579 1225 1645 orben

235 1667 323 1734 sidus
350 1665 498 1751 inplevit,
525 1666 580 1730 sed
608 1686 679 1730 cum
708 1686 741 1729 se
769 1686 901 1730 cursam
923 1666 1028 1748 eoepit
1049 1666 1087 1731 in
1109 1687 1226 1747 cornua,

235 1760 268 1822 33
284 1753 403 1829 idcirco
416 1753 580 1818 breuiores
597 1752 720 1817 habent
732 1774 867 1837 menses,
880 1754 955 1837 quia
969 1754 1114 1837 spatium
1127 1775 1226 1820 eorum

181 1866 215 1915 au
236 1842 378 1910 adhunc
396 1842 492 1907 lunae
511 1842 641 1906 modum
662 1841 813 1924 dirigunt
849 1840 954 1906 Multa
972 1846 1005 1906 et
1022 1841 1226 1908 3133333333-

234 1935 301 2015 tur,
327 1930 442 2014 quibus
470 1928 590 1994 morari
613 1928 756 1995 ordinem
778 1950 886 1994 rerum
908 1929 995 1996 haud
1017 1952 1096 1996 3333
1120 1950 1226 2017 operae

234 2018 410 2084 videbatur.

663 2155 743 2223 cnr.
765 2157 805 2223 X.

201 2307 216 2357 1
322 2280 426 2366 Igitur
452 2279 637 2347 Alexandro
668 2281 743 2346 finis
769 2279 881 2345 Indiae
911 2281 1057 2367 ingresso
1090 2277 1264 2367 gentiumbl

236 2391 365 2437 suarum
387 2369 491 2456 reguli
514 2374 718 2434 occurrerunt
739 2371 898 2454 imperata
914 2368 1039 2454 facturi,
1061 2370 1157 2436 illum
1173 2375 1227 2436 ter-

234 2459 316 2524 tium
341 2457 417 2523 Iove
444 2455 588 2543 genitum
616 2457 657 2522 ad
681 2457 769 2542 ipsos
795 2458 978 2540 pervenisse
1003 2463 1228 2525 memorantes:

234 2546 364 2614 Patrem
389 2545 540 2611 Liberum
567 2547 661 2630 atque
683 2543 854 2610 Herculem
875 2545 964 2610 fama
986 2547 1136 2631 cognitos
1159 2567 1227 2624 esse,

199 2637 340 2719 oipsum
362 2656 471 2700 coram
493 2633 605 2700 adesse
628 2633 785 2719 cernique.
827 2633 898 2698 Rex
923 2633 1061 2720 benigne
1084 2639 1227 2719 exceptos

237 2724 327 2806 sequi
348 2723 457 2808 iussit,
478 2722 580 2789 isdem
601 2721 753 2786 itinerum
771 2721 905 2787 ducibus
923 2743 1048 2787 usurus.
1085 2720 1228 2788 Ceterum

236 2831 308 2875 cum
329 2811 464 2894 amphus
487 2832 580 2876 nemo
604 2813 790 2895 occurreret,
812 2808 1084 2895 Hephaestionem
1108 2815 1142 2876 et
1158 2809 1229 2874 Per-

236 2898 347 2964 diccan
373 2919 444 2962 cum
471 2899 637 2984 copiarum
663 2902 755 2983 parte
779 2899 945 2982 praemisit
967 2898 1006 2963 ad
1028 2897 1229 2982 subigendos,

236 2986 292 3073 qui
310 2991 531 3052 aversarentur
548 2987 731 3072 imperium,
748 2986 905 3070 iussitque
923 2986 964 3050 ad
983 2985 1099 3052 flumen
1118 2986 1229 3052 Indum

235 3074 407 3160 procedere
433 3079 467 3139 et
492 3075 621 3160 navigia
646 3075 764 3158 facere,
791 3074 861 3158 quis
888 3074 921 3138 in
949 3074 1106 3139 ulteriora
1130 3077 1229 3139 trans·

201 3194 217 3242 3
235 3163 359 3248 portari
376 3165 487 3244 posset
504 3163 669 3229 exercitus,
708 3162 770 3246 Illi,
787 3161 862 3246 quia
879 3163 973 3246 plura
992 3162 1125 3228 flumina
1142 3183 1229 3245 supe·

235 3251 336 3316 randa
362 3252 467 3334 erant,
498 3249 544 3315 sic
570 3251 701 3317 iunxere
727 3272 839 3332 naves,
866 3253 903 3314 ut
930 3252 1053 3316 solutae
1080 3249 1228 3335 planstris

199 3337 312 3404 avehi
341 3339 474 3423 possent
505 3359 676 3422 rursusque
707 3337 867 3424 coniungi.
920 3337 1001 3404 Post
1036 3359 1069 3403 33
1102 3336 1229 3405 Cratero

237 3448 309 3492 cum
332 3426 493 3512 phalange
515 3425 603 3491 iusso
631 3427 722 3511 sequi
748 3427 927 3510 equitatum
949 3447 986 3492 ac
1007 3427 1112 3492 levem
1134 3446 1229 3492 arma·

236 3518 343 3580 turam
365 3514 475 3580 eduxit
497 3533 626 3598 eosque,
653 3515 708 3597 qui
731 3518 946 3599 occurrerent,
972 3514 1036 3580 levi
1057 3515 1178 3600 proelio
1199 3513 1229 3576 in

237 3602 349 3666 urbem
367 3603 545 3686 proximam
563 3601 715 3685 conpulit.
745 3601 816 3666 Iam
835 3606 1063 3686 supervenerat
1076 3601 1229 3668 Craterus.
