2602 4094
297 217 549 273 unxomsacu
564 201 783 272 'mannum
800 218 834 288 x,
853 224 899 273 o..
1022 215 1087 279 277

80 383 249 427 commune
281 363 429 429 consulto
462 385 543 446 opus
575 362 688 446 fuerit,
724 383 839 447 eoque,
868 361 952 446 quod
984 362 1089 428 maior

79 472 157 534 pars
180 471 290 515 eorum
308 451 495 535 decreverit,
513 456 630 516 stetur:
653 451 748 517 duces
767 450 984 534 praefectique
1003 452 1089 535 copi·

80 561 173 604 arum
190 538 243 602 his
261 538 417 623 pareant!
451 538 639 605 Ptolemaeo
662 539 805 624 quidam,
827 541 994 623 pauciores
1013 538 1088 603 Per·

80 627 189 692 diccae
208 627 481 692 adsentiebantur.
516 627 599 694 Tum
614 627 787 694 Aristonus
805 649 897 693 orsus
911 633 962 692 est
975 627 1088 713 dicere,
1108 635 1140 684 16

80 715 299 781 Alexandrum
314 717 504 800 consultum,
518 717 569 782 cui
582 716 779 800 relinqueret
787 737 934 801 regnum,
947 716 1088 781 voluisse

80 805 240 887 optimum
268 799 375 890 deligi.
418 803 599 869 Iudicatum
627 809 735 869 autom
763 804 804 869 ab
833 805 905 888 ipso
929 804 1089 888 optimum

78 891 279 976 Perdiccam,
301 893 355 958 cui
377 893 509 958 anulum
526 892 719 957 tradidisset
754 892 867 978 Neque
886 893 971 958 enim
989 914 1088 958 unum
1108 901 1140 950 1⁷

80 1003 155 1046 eum
178 980 339 1046 adsedisse
361 981 525 1066 morienti,
548 981 603 1046 sed
625 981 902 1047 circumferentem
921 981 1030 1047 oculos
1050 1003 1088 1047 ex

79 1069 178 1134 turba
196 1069 372 1135 amicorum
390 1069 557 1154 delegisse,
574 1069 627 1135 cui
643 1069 794 1135 traderet.
826 1069 958 1134 Placere
977 1071 1088 1154 igitur,

81 1179 240 1224 summam
257 1157 386 1242 imperii
400 1159 440 1223 ad
453 1157 640 1224 Perdiccam
653 1157 779 1225 deferri.
809 1157 841 1223 N
842 1179 879 1223 ec
892 1157 1090 1243 dubitavere,
1109 1164 1142 1213 18

81 1247 161 1331 quin
187 1267 263 1311 vera
287 1251 441 1311 censeret.
475 1245 589 1331 Itaque
611 1246 752 1311 universi
773 1245 952 1331 procedere
967 1248 1003 1310 in
1025 1268 1090 1312 mc·

81 1335 171 1399 dium
187 1332 373 1400 Perdiccam
392 1339 426 1400 ct
438 1334 526 1419 regis
540 1336 672 1400 anulum
685 1334 802 1400 tollere
815 1334 979 1400 iubebant
1005 1334 1090 1400 Hae·

80 1423 176 1488 rebat
197 1423 281 1488 inter
299 1421 509 1507 cupididatem
525 1423 742 1508 pudoremque
761 1427 807 1503 et,
830 1444 894 1507 quo
912 1423 1089 1488 modestius

81 1511 168 1596 quod
193 1512 390 1595 expectabat
408 1515 587 1596 appeteret,
610 1512 808 1596 pervicacius
832 1511 1000 1577 oblaturos
1019 1532 1090 1577 esso

80 1599 244 1666 credebat.
266 1598 381 1684 Itaque
396 1604 565 1665 cunctatus
584 1600 710 1685 diuque,
724 1599 800 1684 quid
814 1603 934 1685 ageret,
947 1599 1089 1665 incertus
1109 1607 1141 1655 19

82 1689 124 1754 ad
146 1689 296 1752 ultimum
323 1693 433 1753 tamen
455 1689 589 1754 recessit
612 1691 742 1772 etpost
765 1710 836 1774 cos,
862 1689 920 1774 qui
941 1688 1091 1754 sederant

31 1779 68 1844 tl
82 1776 230 1861 proximi,
254 1778 410 1842 constitit
441 1775 487 1840 At
508 1776 680 1862 Meleager,
702 1799 785 1842 unus
808 1799 825 1842 e
849 1776 992 1856 ducibus,
1015 1797 1089 1842 con·
1107 1782 1141 1833 2⁰

81 1866 210 1930 firmato
243 1865 366 1948 animo,
402 1887 496 1948 quem
533 1865 702 1931 Perdiccae
738 1865 900 1931 cunctatio
938 1869 1091 1949 erexerat,

83 1953 163 2019 ‘Nec
186 1953 219 2018 di
242 1952 374 2037 sieriut'
396 1954 512 2038 inquit,
535 1954 583 2019 ‘ut
602 1953 778 2018 Alexandri
795 1954 926 2019 fortuna
942 1954 1090 2039 tantique

82 2041 175 2128 regni
196 2041 365 2127 fastigium
387 2041 423 2106 in
449 2042 530 2108 istos
552 2042 704 2107 humeros
725 2045 811 2107 ruat:
833 2042 982 2109 homiues
1004 2046 1091 2108 certe

82 2154 150 2196 non
171 2130 284 2196 ferent.
328 2129 421 2195 Nihil
443 2130 514 2195 dico
538 2130 576 2195 de
598 2130 813 2196 nobilioribus
835 2153 932 2214 quam
954 2131 1008 2197 hic
1031 2136 1091 2216 est,

84 2219 141 2286 sed
168 2219 207 2284 de
233 2218 311 2284 viris
338 2221 478 2303 tantum,
506 2219 622 2302 quibus
649 2219 759 2284 invitis
781 2219 865 2284 nihil
886 2219 1011 2304 perpeti
1034 2240 1091 2285 ne·

82 2329 173 2375 cesse
195 2311 254 2373 est.
288 2306 358 2373 Nec
379 2329 455 2372 vero
478 2307 628 2392 interest,
644 2307 794 2374 Roxanes
811 2308 928 2393 filium,
952 2308 1090 2393 quaudo·
1108 2321 1142 2371 21

82 2419 145 2484 que
172 2397 302 2482 genitus
325 2395 399 2478 erit,
427 2417 468 2460 an
490 2394 677 2462 Perdiccam
700 2416 811 2481 regem
833 2396 995 2478 habeatis,
1019 2418 1091 2462 cum

81 2487 144 2551 iste
164 2486 222 2550 sub
241 2484 361 2549 tutelae
380 2485 485 2567 specie
503 2505 638 2569 reguum
657 2489 870 2569 occupaturus
888 2485 941 2549 sit.
976 2483 1091 2568 Itaque

81 2596 178 2639 nemo
201 2573 232 2638 ei
254 2594 310 2637 rex
332 2572 452 2656 placet,
473 2573 539 2638 nisi
561 2574 617 2658 qui
637 2573 781 2639 nondum
803 2577 899 2636 natus
923 2576 983 2654 est,
1006 2573 1092 2636 etin

82 2667 177 2728 tanta
195 2661 339 2726 omnium
358 2660 566 2726 festinatione
586 2682 653 2726 non
674 2662 763 2726 iusta
784 2659 894 2744 modo,
916 2659 972 2724 sed
991 2661 1091 2726 etiam

82 2750 266 2816 necessaria
283 2754 413 2815 exactos
431 2771 557 2815 menses
576 2751 663 2815 solus
680 2753 828 2833 expectat
840 2751 874 2812 ct
887 2748 953 2813 iam
966 2748 1092 2815 divinat

82 2861 208 2905 marem
231 2859 300 2904 esse
322 2842 521 2921 conceptum.
558 2836 661 2914 Quem
682 2859 740 2902 vos
763 2836 918 2901 dubitetis
940 2841 1090 2921 paratum
1108 2851 1143 2900 22

82 2950 155 2993 esse
181 2927 233 2993 vel
260 2925 418 2992 subdere?
460 2924 495 2992 Si
525 2925 769 2991 mediusfidius
796 2925 980 2990 Alexander
1005 2926 1092 2992 hunc

81 3016 178 3082 nobis
200 3036 311 3101 regem
333 3036 392 3098 pro
416 3035 451 3078 se
468 3014 667 3099 reliquisset,
689 3014 722 3079 id
741 3013 846 3079 solum
869 3036 909 3079 ex
930 3014 986 3097 iis,
1009 3033 1091 3099 quae

81 3107 289 3189 imperasset,
317 3123 384 3168 non
410 3100 591 3167 faciendum
614 3125 685 3168 esse
708 3123 879 3168 censerem.
923 3101 1009 3179 Quin
1030 3102 1091 3187 igi·
1109 3115 1145 3163 23

81 3197 138 3258 tur
161 3192 202 3258 ad
223 3191 419 3277 diripiendos
443 3191 614 3256 thesauros
638 3190 841 3256 discurritis?
873 3191 987 3255 harum
1005 3191 1091 3256 euim

82 3304 183 3366 opum
210 3281 371 3366 regiarum
394 3280 665 3363 utique,populus
688 3283 738 3344 est
761 3278 875 3345 heres?
916 3278 1007 3344 Haec
1027 3279 1091 3345 elo·
1109 3291 1144 3340 22

82 3374 176 3436 cutus
198 3391 257 3454 per
279 3367 401 3433 medios
425 3371 567 3432 armatos
590 3369 697 3452 erupit
714 3372 760 3454 et,
781 3367 836 3452 qni
855 3367 986 3433 abeunti
1004 3367 1091 3433 viam

60 3537 63 3542 ,
80 3459 247 3537 dederant,
265 3459 371 3541 ipsum
388 3455 429 3521 ad
443 3457 684 3539 pronuntiatam
698 3455 852 3540 praedam
867 3457 1090 3540 sequebantur.
