2600 4096
311 228 565 286 HISTORIARUM
581 229 796 286 ALEXANDRI
814 231 861 299 VI,
882 237 923 286 10
1054 231 1116 294 143
1160 193 1164 200 r

111 373 249 458 stirpem
274 375 357 439 tacit
342 378 396 439 tus
424 375 647 476 adgnosceret,
675 397 771 459 quam
798 376 852 460 qui
879 374 1117 458 praedicatione

109 463 257 528 iactaret
293 459 355 526 Sed
378 464 530 564 quoniam
549 462 670 528 oraculi
690 463 769 528 fides
788 467 874 528 certa
893 467 955 542 est,
978 462 1022 527 sit
1040 463 1117 526 deus
1135 481 1170 530 28

110 571 227 616 causae
246 572 336 615 meae
353 551 456 616 testis.
493 550 641 616 Retinete
660 573 711 615 me
729 552 764 615 in
781 552 930 634 vinculis,
950 551 1025 616 dum
1044 572 1117 616 con·

111 640 231 703 sulitur
262 637 439 723 Hammon,
470 660 548 704 num
579 661 731 705 arcanum
759 643 791 704 et
823 640 984 705 occultum
1014 640 1117 705 scelus

109 726 254 792 inierim:
282 728 336 811 qui
362 749 473 813 regem
499 730 645 792 nostrum
672 728 895 812 dignatusest
920 728 1037 810 filium,
1064 749 1117 792 ne-

110 817 234 880 minem
263 837 387 899 eorum,
417 816 472 900 qui
499 815 594 900 stirpi
622 836 698 880 suae
724 816 870 881 insidiati
897 819 985 900 sunt,
1015 818 1117 881 latere

109 904 264 988 patietur.
309 901 344 968 Si
370 903 509 969 certiora
531 903 670 969 oraculis
693 903 822 968 creditis
851 925 920 968 ease
946 907 1170 990 tormentata

109 1013 153 1057 ne
180 992 265 1056 hanc
278 991 421 1094 quidem
445 991 643 1056 exhibendae
665 993 810 1056 raritatis
831 991 928 1057 fidem
958 993 1119 1078 deprecor.

57 1079 101 1144 40
110 1077 227 1145 Solent
239 1079 288 1144 rei
301 1080 389 1163 capit
388 1081 416 1144 is
374 1079 582 1144 tadhibere
596 1080 688 1145 robis
702 1083 817 1163 parent
820 1102 862 1144 es.
892 1080 982 1147 Duos
1000 1081 1117 1146 iratres
1137 1098 1170 1148 30

109 1189 174 1253 ego
201 1189 303 1252 nuper
331 1167 438 1252 amisi,
469 1172 595 1250 patrem
621 1188 680 1232 nee
706 1169 873 1232 ostendere
902 1191 1034 1270 possum
1061 1192 1119 1234 nec

108 1257 262 1322 invocare
289 1255 404 1339 audeo,
431 1276 504 1320 cum
532 1255 600 1320 et
590 1277 659 1339 rpse
686 1257 768 1321 tanti
797 1257 939 1320 criminis
966 1279 1039 1322 reus
1066 1259 1118 1322 sit.

109 1343 232 1409 Parum
251 1347 311 1408 est
319 1345 404 1408 enim
426 1347 478 1409 tot
497 1343 594 1409 modo
613 1345 750 1409 liberum
767 1348 950 1447 parentem,
970 1345 1006 1409 in
1024 1347 1118 1411 unico
1137 1363 1170 1410 31

109 1453 196 1498 nunc
213 1433 279 1496 filio
298 1432 567 1517 adquiescentem,
585 1453 622 1497 eo
642 1454 769 1517 quoque
784 1432 950 1516 orbari,
918 1433 982 1498 msi
999 1434 1068 1517 ipse
1085 1434 1120 1498 in

108 1541 230 1605 rogum
260 1541 368 1584 meum
399 1520 574 1604 inponitur.
622 1520 725 1605 Erg0,
757 1522 920 1586 carissime
947 1525 1054 1604 pater,
1086 1526 1120 1586 et
1137 1539 1170 1586 32

111 1613 246 1694 propter
263 1630 314 1672 me
333 1610 478 1673 morieris
498 1612 531 1673 et
548 1629 682 1673 mecum.
717 1608 790 1694 Ego
808 1610 870 1674 tibi
884 1609 986 1674 vitam
1005 1610 1120 1687 adimo,

112 1717 176 1782 ego
204 1702 400 1762 senectutem
427 1702 517 1761 tuam
545 1697 710 1781 extinguo!
756 1696 838 1773 Quid
861 1698 946 1762 enim
973 1719 1024 1762 me
1046 1719 1119 1780 pro·

113 1787 248 1851 creabas
270 1785 433 1850 infelicem
451 1785 696 1850 adversantibus
720 1784 791 1850 dis?
814 1807 855 1850 an
873 1788 910 1849 ut
932 1785 992 1849 hos
1011 1806 1050 1849 ex
1068 1807 1119 1848 me

110 1875 238 1938 fructus
270 1875 463 1956 perciperes,
500 1874 556 1958 qui
590 1876 623 1937 te
655 1873 807 1937 manent?
851 1872 982 1955 Nescio,
1014 1873 1119 1938 adule-
1138 1891 1171 1939 38

113 1963 238 2026 scentia
259 1983 332 2026 mea
349 1962 496 2027 miserior
519 1961 623 2026 sitan
646 1964 792 2026 senectus
814 1964 884 2025 tua:
908 1980 968 2046 ego
992 1961 1025 2026 in
1048 1963 1118 2045 ipso

112 2051 230 2116 robore
256 2051 374 2114 aetatis
397 2051 529 2132 eripior:
558 2049 619 2114 tibi
647 2049 790 2113 carnifex
818 2049 967 2132 spiritum
990 2051 1119 2133 adimet,

113 2159 224 2223 quem,
246 2139 275 2202 si
292 2137 423 2202 fortuna
442 2140 608 2221 expectare
627 2138 796 2221 voluisset,
818 2144 935 2203 natura
956 2139 1119 2222 poscebat.

112 2226 294 2293 Admonuit
330 2247 382 2290 me
412 2227 516 2310 patris
547 2225 611 2290 mei
641 2227 776 2309 mentio,
807 2248 905 2310 quam
939 2227 1051 2292 timide
1087 2230 1120 2291 et
1137 2244 1171 2293 ³4

113 2319 316 2399 cunctanter,
343 2336 425 2398 quae
448 2312 807 2380 Cebalinusdetulerat
829 2315 868 2379 ad
892 2336 957 2399 me,
979 2315 1119 2380 iudicare

114 2403 289 2468 debuerim.
328 2400 499 2467 Parmenio
523 2403 621 2486 enim,
644 2424 717 2467 curn
740 2403 894 2487 audisset,
920 2425 1077 2467 venenum
1100 2427 1119 2466 a

112 2491 266 2577 Philippo
300 2491 423 2556 medico
459 2491 529 2576 regi
561 2491 681 2575 parari,
717 2491 877 2556 deterrere
909 2511 982 2554 eum
1016 2490 1120 2554 voluit

113 2580 254 2664 epistola
285 2579 418 2663 scripte,
454 2599 517 2662 quo
548 2579 655 2643 minus
687 2580 954 2643 medicamentum
985 2577 1119 2660 biberet,

114 2668 200 2752 quod
224 2668 366 2732 medicus
394 2667 469 2731 dare
497 2667 715 2732 constituerat.
761 2665 848 2731 Num
880 2665 1036 2730 creditum
1068 2670 1118 2730 est

112 2755 202 2841 patri
224 2756 318 2822 meo?
350 2777 429 2820 num
453 2755 550 2820 ullam
573 2756 798 2820 auctoritatem
822 2754 890 2818 eius
913 2754 1039 2831 litterae
1062 2753 1117 2818 ha·

112 2844 274 2910 buerunt?
314 2842 387 2928 Ego
409 2845 492 2928 ipse,
515 2845 678 2927 quotiens,
700 2864 781 2926 quae
804 2841 981 2926 audieram,
1009 2841 1117 2922 detuli,
1135 2857 1170 2908 ³5

113 2953 187 2999 cum
216 2932 355 2997 ludibrio
382 2931 582 2996 credulitatis
609 2930 756 3014 repulsus
785 2951 865 2994 aum.
910 2928 944 2994 si
972 2935 1017 3010 et,
1045 2953 1117 2996 cum

112 3022 306 3105 indicamus,
336 3021 432 3084 invisi
462 3025 507 3098 et,
539 3041 611 3084 eum
638 3022 795 3102 tacemus,
827 3019 967 3103 suspecti
999 3041 1118 3102 sumus,

114 3109 191 3195 quid
220 3108 325 3175 facere
355 3130 415 3173 nos
443 3107 608 3192 oportet?'
658 3105 801 3192 Cumque
828 3129 909 3173 unus
943 3129 960 3172 e
987 3109 1118 3173 circum·
1136 3125 1170 3173 36

114 3197 273 3264 stantium
302 3197 399 3262 turba
425 3197 649 3280 exclamasset,
676 3195 774 3260 ‘Bene
800 3196 923 3260 meritis
950 3217 1016 3261 non
1042 3196 1118 3260 insi·

114 3284 224 3352 diaril’
268 3285 430 3370 Philotas,
458 3282 594 3368 ‘Recte’,
620 3285 737 3368 inquit,
765 3282 921 3368 ‘quisquis
948 3305 998 3367 es,
1030 3283 1117 3350 diois.

112 3373 228 3459 Itaque
258 3373 287 3438 si
318 3374 487 3438 insidiatus
518 3395 606 3456 sum,
636 3394 774 3456 poenam
804 3395 870 3439 non
902 3372 1054 3456 deprecor
1086 3375 1118 3437 et
1135 3387 1168 3436 37
1280 3415 1282 3418 -

112 3464 211 3528 finem
229 3462 313 3527 facio
333 3462 472 3545 dicendi,
492 3461 643 3545 quoniam
661 3461 776 3526 ultima
794 3463 893 3526 verbe
910 3460 1023 3544 gravia
1043 3463 1118 3524 sunt

112 3553 183 3616 riso
215 3549 368 3616 auribus'.
415 3549 595 3615 Abducitur
625 3549 738 3616 deiude
769 3550 810 3615 ab
842 3549 895 3633 iis,
928 3549 982 3632 qui
1011 3551 1116 3613 custo·

113 3639 245 3704 diebant
266 3661 347 3704 eum.
