2552 4108
240 195 492 252 HISTORIARUM
511 197 725 252 ALEXANDRI
743 197 794 267 IV,
813 205 837 253 1.
1022 200 1066 266 33

53 343 183 405 serunt:
207 339 262 404 sed
285 361 340 405 eos
362 339 523 423 Amyntas
551 342 671 422 proelio
698 345 866 426 superatos
893 343 928 407 in
954 343 1066 408 urbem

53 429 214 512 conpellit
230 430 406 513 castrisque
422 430 536 513 positis
549 431 685 494 victores
700 431 740 494 ad
753 431 954 514 populandos
969 453 1065 515 agros

52 517 254 581 discurrant:
290 518 379 581 velut
413 517 449 581 in
481 518 585 582 medio
617 519 730 601 positis
762 520 889 602 praedis
922 518 1065 583 hostium

52 607 176 669 cuncta
198 605 385 690 agebantur.
424 604 536 689 Itaque
554 605 709 690 Mazaces,
732 629 925 692 quamquam
945 607 1065 671 infelici
1084 629 1119 678 aa

51 693 182 778 proelio
203 715 333 757 suorum
352 693 476 759 animos
494 695 623 758 territos
642 716 712 758 esse
730 699 935 780 cognoverat,
956 698 1065 759 tamen

50 782 207 864 palantes
239 785 271 845 31
301 781 453 845 victoriae
480 781 597 846 fiducia
623 782 770 846 incautos
799 786 966 848 ostentans
994 805 1065 866 per·

50 870 155 954 pulit,
180 890 221 932 ne
244 869 429 934 dubitarent
452 891 491 933 31
512 871 590 934 urbe
614 892 779 955 erumpere
803 875 835 935 et
856 893 907 936 res
930 871 1065 936 amissas

50 957 244 1040 reciperare.
278 956 316 1020 Id
339 959 506 1023 consilium
523 959 731 1022 1011311013
748 960 946 1044 prudentius,
969 982 1066 1043 quam
1084 980 1118 1029 33

52 1049 176 1110 eventu
202 1046 327 1109 felicius
353 1046 427 1110 fuit:
465 1047 506 1110 ad
533 1068 632 1110 unum
660 1068 770 1111 omnes
796 1048 963 1131 cumipse
986 1048 1066 1112 duce

52 1134 157 1198 occisi
185 1137 269 1198 sunt.
313 1132 382 1198 Has
404 1155 525 1217 poenas
547 1133 706 1217 Amyntas
729 1135 854 1219 utrique
877 1136 947 1220 regi
970 1136 1066 1220 dedit,

50 1222 160 1286 nihilo
187 1222 291 1306 magis
319 1222 361 1305 ei,
393 1222 433 1286 ad
461 1244 556 1306 quern
578 1222 809 1307 transfugerat,
841 1223 938 1308 fidus,
970 1245 1066 1308 quam

50 1310 118 1394 illi,
143 1331 237 1395 quem
261 1309 450 1374 deseruerat

7 1446 30 1510 6
148 1440 245 1505 Ι)3131
275 1445 453 1525 praetores,
485 1443 541 1526 qui
571 1443 692 1526 proelio
726 1442 812 1524 apud
833 1441 928 1506 Isson
957 1465 1064 1525 super·
1084 1463 1119 1510 34

51 1531 201 1612 fuerant,
228 1551 301 1594 cum
325 1531 412 1594 omni
434 1553 546 1613 manu,
569 1552 650 1614 quae
673 1531 834 1614 fugientes
856 1533 965 1594 secuta
988 1534 1065 1612 erat,

52 1619 231 1700 adsumpta
244 1619 341 1681 etiam
356 1615 583 1703 Cappadocum
597 1622 629 1682 et
642 1617 888 1702 Paphlagonum
901 1619 1065 1682 iuventute

51 1705 195 1790 Lydiam
228 1707 404 1789 reciperare
438 1707 649 1789 temptabant.
702 1706 900 1790 Antigonus,
936 1709 1065 1789 praetor
1084 1726 1118 1775 35

51 1793 245 1877 Alexandri,
268 1793 388 1878 Lydiae
411 1797 570 1876 praeerat:
602 1794 657 1877 qui
681 1815 874 1876 quamquam
896 1795 1065 1876 plerosque

52 1883 199 1947 militum
222 1903 261 1944 31
281 1881 449 1965 praesidiis
473 1882 513 1945 ad
535 1901 644 1965 regem
666 1882 838 1965 dimiserat,
860 1886 970 1945 tamen
993 1882 1065 1945 bar-

52 1971 146 2035 baris
175 1971 291 2054 spretis
313 1971 349 2034 in
372 1970 472 2033 aciem
496 1991 570 2033 3103
594 1968 710 2032 eduxit.
755 1969 878 2032 Eadem
900 1970 966 2034 illic
989 1991 1065 2054 quo-

55 2080 122 2143 que
148 2058 280 2122 fortuna
305 2059 446 2140 partium
472 2057 548 2120 fuit:
584 2057 688 2120 tribus
716 2058 847 2140 proeliis
878 2059 942 2122 alia
970 2060 1065 2141 atque

55 2147 123 2210 3113
145 2146 276 2229 regione
300 2144 475 2209 commissis
490 2144 604 2209 Persae
623 2145 808 2209 funduntur.
844 2145 968 2210 Eodem
986 2149 1065 2208 tem·
1084 2165 1118 2213 36

54 2256 137 2320 pore
164 2235 275 2298 classis
302 2233 513 2298 Macedonum
541 2255 579 2297 31
602 2232 737 2298 Graecia
765 2234 866 2298 accita
889 2235 1065 2299 Aristome-

54 2344 138 2406 nen,
169 2323 224 2405 qui
251 2321 291 2385 ad
313 2321 515 2406 Hellesponti
542 2343 632 2386 oram
654 2322 894 2404 reciperandam
917 2344 937 2386 a
959 2321 1065 2386 Dareo

56 2413 129 2476 erat
155 2411 285 2494 missus,
317 2411 419 2493 captis
446 2411 513 2474 eius
540 2413 597 2474 aut
624 2411 740 2474 eversis
767 2411 903 2473 navibus
927 2413 1066 2492 superat.

54 2500 88 2563 A
120 2497 254 2562 Milesiis
286 2498 399 2562 deinde
430 2497 671 2580 Pharnabazus,
706 2498 886 2580 praefectus
917 2496 1065 2561 Persicae
1084 2517 1117 2564 31

55 2587 184 2669 elassis,
215 2587 352 2669 pecunia
379 2590 490 2650 exacta
516 2590 550 2650 et
574 2586 733 2669 praesidio
757 2586 792 2648 in
814 2584 926 2649 urbem
950 2582 1066 2648 Chium

54 2675 243 2740 introducto
271 2679 398 2738 centum
425 2675 560 2738 navibus
583 2673 730 2736 Andrum
758 2676 790 2736 et
812 2671 885 2735 inde
909 2669 1066 2754 Siphnum

54 2763 162 2848 petiit.
198 2761 266 2826 Has
290 2783 416 2847 quoque
438 2762 560 2826 insulas
578 2761 746 2845 praesidiis
765 2763 908 2842 occupat,
930 2760 1066 2843 pecunia

55 2853 185 2916 multat.

149 2981 339 3067 Magnitudo
361 2982 447 3066 belli,
470 2982 554 3067 quod
577 2981 618 3046 ab
642 2979 892 3063 opulentissimis
915 2979 1065 3061 Europae
1084 2999 1119 3048 33

56 3072 219 3154 Asiaeque
246 3071 375 3154 regibus
402 3072 437 3135 11
465 3093 553 3154 spem
580 3069 680 3133 totius
702 3068 789 3132 orbis
813 3067 990 3151 occupandi
1013 3088 1065 3150 ge-

57 3161 199 3239 rebatur,
223 3157 376 3223 Graeciae
400 3180 524 3242 quoque
548 3162 580 3222 31
596 3155 710 3221 Cretae
734 3178 824 3220 arma
841 3158 1065 3221 commoverat.

56 3248 154 3332 Agis,
181 3246 505 3312 Lacedaemoniorum
528 3267 591 3324 rex,
615 3249 686 3310 octo
710 3245 839 3308 milibus
862 3242 1066 3326 Graecorum,
1083 3261 1119 3311 33

59 3337 116 3420 qui
148 3357 187 3400 31
215 3333 325 3400 Cilicia
356 3335 487 3418 profugi
516 3334 627 3398 domos
654 3335 861 3417 repetierant,
894 3331 1066 3395 contractis

59 3425 180 3489 bellum
207 3423 395 3506 Antipatro,
426 3422 631 3487 Macedoniae
659 3423 835 3505 praefecto,
866 3420 1066 3483 moliebatur.

60 3511 230 3578 Cretenses
257 3511 316 3574 bas
344 3515 401 3574 aut
426 3511 497 3575 illas
524 3515 632 3594 partes
661 3510 761 3574 secuti
782 3529 869 3572 nunc
892 3506 1064 3590 Spartano·
1084 3525 1121 3574 43

60 3623 145 3684 rum,
176 3622 261 3664 nune
283 3599 497 3665 Macedonum
522 3599 688 3683 praesidiis
712 3597 958 3680 occupabantur.
1004 3591 1066 3657 Sed

115 3705 207 3746 curtius
220 3705 301 3745 Rufus.
839 3705 854 3752 3
