2600 4096
215 208 282 274 200
582 206 615 272 Q.
634 205 741 264 ouum
758 207 844 262 RUFI

161 365 195 415 ar
215 353 387 420 inveterati
399 352 498 419 moris
513 355 645 417 externa
660 337 806 416 mutatio.
832 349 901 417 Nec
914 351 1084 435 quicquam
1099 371 1209 435 comm,

217 464 298 528 quas
324 441 462 507 invicem
487 440 610 505 iactata
633 442 737 523 erant,
763 461 819 504 rex
844 440 1030 524 ignorabat,
1052 460 1123 505 cum
1143 442 1210 522 post

217 531 344 614 aulaea,
366 550 447 614 quaa
468 529 561 593 lectis
584 526 776 611 obduxerat,
796 530 907 592 staret
946 525 1052 611 Igitur
1069 527 1109 592 ad
1130 526 1210 610 Agin

216 622 250 684 et
268 616 419 683 Cleonem
441 616 543 700 misit,
565 618 602 681 ut
620 636 766 680 sermone
788 615 881 681 finito
903 615 1060 681 barbaros
1081 618 1211 698 tantum,

216 727 289 772 cum
319 707 485 788 intrasset,
514 704 723 786 procumbere
750 725 808 769 suo
836 725 925 768 more
955 707 1155 787 paterentur,
1183 707 1212 766 et
1278 729 1279 734 ¹

216 794 313 879 paulo
335 796 423 877 post,
446 792 538 876 qnasi
557 792 685 875 potiora
706 792 862 877 quaedam
880 793 1014 878 egisset,
1037 791 1211 857 convivium

163 894 198 944 aa
217 880 343 965 repetit.
391 878 493 954 Quem
524 879 751 945 venerantibus
783 879 891 944 Persis
920 878 1133 965 Polypercon,
1163 878 1211 964 qui

217 969 357 1035 cubabat
370 989 465 1051 super
483 988 602 1052 regem,
619 990 718 1033 unum
732 989 770 1032 ex
787 967 840 1032 his
858 972 966 1033 mento
980 968 1211 1053 contingentem

216 1057 350 1122 humum
372 1078 430 1140 per
451 1056 626 1122 ludibrium
647 1056 754 1140 coepit
774 1056 914 1140 hortari,
940 1059 977 1120 ut
999 1056 1212 1121 vehementius

217 1146 250 1210 id
268 1147 414 1229 quateret
429 1144 469 1210 ad
487 1148 619 1227 terram,
637 1144 807 1228 elicuitque
824 1144 906 1208 iram
920 1143 1108 1228 Alexandri,
1125 1165 1212 1228 quam
1279 1203 1280 1234 ,

218 1233 296 1298 olim
311 1233 420 1298 animo
432 1253 546 1316 capere
563 1254 629 1297 non
643 1236 780 1315 poterat
811 1230 924 1317 Itaque
937 1254 1003 1314 rex,
1017 1231 1079 1297 ‘su
1094 1230 1213 1313 autem’,

165 1333 200 1384 as
219 1321 333 1406 inquit,
347 1320 423 1386 ‘non
436 1320 640 1386 veneraberis
654 1319 727 1384 me?
754 1321 807 1384 An
824 1321 886 1385 tibi
899 1321 955 1384 uni
972 1320 1063 1405 digni
1076 1321 1214 1386 videmur

218 1431 288 1475 esse
315 1407 488 1475 ludibrio?
532 1408 592 1473 Ille
618 1429 678 1473 nec
704 1427 813 1492 regem
839 1408 977 1473 ludibrio
1004 1429 1064 1474 nec
1090 1430 1125 1474 se
1147 1429 1213 1474 con-

164 1512 198 1562 as
217 1500 341 1582 temptu
364 1498 497 1582 dignum
524 1518 594 1562 essa
617 1497 791 1580 respondit
837 1495 920 1560 Tum
944 1497 1127 1562 detractum
1150 1517 1213 1562 eum

217 1587 302 1652 lecto
333 1608 389 1653 rex
420 1585 611 1669 praecipitat
643 1585 679 1649 in
707 1589 827 1649 terram
859 1588 906 1669 et,
936 1605 1009 1650 cum
1040 1584 1069 1651 is
1101 1606 1214 1671 pronus

218 1675 403 1758 corruisset,
426 1670 599 1755 ‘Videsne',
620 1672 740 1758 inquit,
763 1672 859 1737 ‘idem
876 1674 909 1738 te
926 1672 1056 1757 fecisse,
1079 1673 1164 1758 quod
1184 1673 1214 1736 in

218 1764 282 1830 alio
309 1762 406 1846 paulo
434 1765 509 1827 ante
536 1759 698 1826 ridebast’
741 1759 787 1826 Et
812 1761 899 1826 tradi
921 1782 958 1826 eo
984 1761 1020 1826 in
1042 1761 1214 1827 custodiam
1280 1769 1281 1798 l

218 1852 307 1918 iusso
330 1850 512 1916 convivium
537 1850 642 1915 solvit

640 2007 717 2074 One,
742 2006 799 2073 VI.

185 2129 199 2177 1
270 2155 272 2160 -
307 2114 533 2197 Polyperconti
551 2115 678 2198 quidem
696 2117 810 2199 postea
830 2114 989 2199 castigato
1008 2113 1064 2182 diu
1081 2115 1215 2201 ignovit:

217 2202 253 2267 in
280 2198 501 2267 Callisthenen
528 2203 606 2268 olim
633 2201 833 2268 contumacia
865 2206 1048 2287 suspectum
1079 2204 1215 2288 pervica-

183 2290 315 2356 2cioris
352 2290 419 2354 irae
454 2290 526 2355 fuit
582 2290 680 2357 Cuius
717 2291 891 2374 explendae
926 2293 1055 2357 matura
1091 2291 1216 2356 obvenit

219 2378 353 2444 occasio.
397 2377 469 2443 Mos
492 2381 575 2463 erat,
603 2384 640 2443 ut
665 2378 904 2462 supradictum
933 2383 994 2463 est,
1020 2380 1215 2464 principibus
1223 2374 1251 2438 21

218 2465 428 2533 Macedonum
451 2467 577 2532 adultos
600 2467 719 2532 liberos
740 2467 871 2551 regibus
893 2467 1021 2532 tradere
1044 2468 1084 2533 ad
1112 2467 1216 2534 munia

183 2571 200 2619 a
218 2556 303 2622 haud
321 2557 458 2622 multum
474 2555 645 2620 servilibus
664 2555 851 2620 ministeriis
870 2555 1087 2621 abhorrentia
1118 2555 1216 2621 Excu-

218 2645 342 2710 babant
368 2646 503 2710 servatis
530 2644 674 2730 noctium
695 2643 819 2708 vicibus
843 2643 982 2726 proximi
1003 2643 1130 2710 foribus
1154 2645 1216 2709 eius

218 2733 320 2814 aedis,
342 2733 378 2797 in
395 2755 459 2818 que
476 2755 531 2797 rex
550 2732 784 2816 adquiescebat
820 2731 883 2797 Per
902 2731 962 2796 hos
984 2733 1104 2814 pelices
1123 2733 1217 2798 intro

217 2820 415 2884 ducebantur
438 2820 502 2886 alio
526 2820 628 2904 aditu,
650 2842 745 2904 quam
768 2840 864 2904 quem
886 2821 1002 2885 armati
1021 2820 1217 2886 obsidebant.

182 2905 320 2972 slidem
343 2913 491 2991 acceptos
514 2907 554 2972 ab
578 2908 771 2992 agasonibus
796 2929 907 2992 equos,
933 2928 1006 2972 cum
1032 2930 1089 2974 rex
1113 2930 1216 2974 ascen·

218 3017 312 3061 surus
330 2998 428 3077 esset,
451 2995 665 3062 admovebant
682 2997 981 3080 comitabanturque
999 2999 1032 3062 et
1049 2999 1216 3062 venantem

218 3087 252 3150 et
274 3083 309 3148 in
335 3083 467 3167 proeliis
491 3085 652 3169 omnibus,
679 3084 801 3149 artibus
830 3084 1009 3149 studiorum
1036 3084 1215 3150 liberalium

182 3171 345 3237 oexculti.
394 3169 588 3255 Praecipuus
620 3173 725 3238 honor
755 3173 948 3256 habebatur,
984 3173 1069 3257 quod
1100 3172 1215 3238 licebat

219 3258 403 3324 sedentibus
428 3260 512 3324 vesci
531 3281 604 3326 oum
626 3281 710 3346 rege.
747 3259 935 3345 Castigandi
955 3281 1010 3326 eos
1033 3261 1215 3326 verberibus

183 3346 337 3412 onullius
372 3350 517 3432 potestas
553 3352 679 3431 praeter
714 3348 820 3432 ipsum
852 3351 930 3412 erat
983 3347 1072 3415 Haec
1106 3350 1215 3414 cohors

218 3435 307 3500 velut
329 3435 536 3501 seminarium
556 3436 670 3500 ducum
692 3436 990 3520 praefectorumque
1014 3437 1098 3521 apud
1117 3437 1215 3512 Mace

220 3523 319 3588 donas
338 3524 413 3589 fuit:
435 3523 512 3588 hinc
533 3523 674 3588 habuere
695 3525 818 3609 posteri
839 3545 945 3609 reges,
968 3546 1103 3609 quorum
1126 3521 1215 3608 stirpi

184 3614 295 3693 apost
318 3611 437 3676 multas
461 3614 581 3676 aetates
609 3609 747 3675 Romani
773 3633 851 3696 opes
879 3612 1072 3678 ademerunt.
1116 3612 1215 3699 Igitur
