2600 4096
228 225 291 290 190
593 224 624 290 Q.
645 222 754 280 cuam
772 223 857 278 RUFI

225 372 324 455 latro,
354 370 498 435 revertar
528 368 561 432 in
590 368 743 451 patriam,
773 371 810 433 ut
836 388 876 433 uc
904 367 1068 433 dexteram
1097 367 1217 453 quidam

225 458 342 524 nutrici
366 458 435 523 sine
458 456 614 520 memoria
636 456 832 520 calamitatis
855 456 925 520 cius
948 457 1061 521 offerre
1078 456 1217 541 possiml'

175 558 208 606 10
225 547 270 613 Et
301 569 373 612 cum
404 544 478 609 finis
504 543 645 608 lacrimis
673 545 884 628 querellisque
911 566 977 608 non
1003 545 1106 630 fieret,
1135 547 1217 610 iussu

176 647 207 695 11
227 637 403 702 amicorum
435 653 549 714 corpus
582 632 728 697 ablatum
757 637 815 698 est.
863 631 933 697 Rex
959 633 1101 698 triduum
1128 634 1218 698 iacuit

226 725 379 789 inclusus.
423 720 526 797 Quem
553 723 589 784 ut
615 721 766 806 armigeri
789 721 992 805 corporisque
1015 722 1161 788 custodes
1183 720 1218 784 ad

227 809 427 877 moriendum
455 808 654 873 obstinatum
681 830 750 873 csse
774 812 1005 893 cognoverunt,
1032 809 1219 874 universim

227 898 469 964 tabernaculum
492 897 681 980 inrumpunt
703 897 820 982 diuque
841 897 990 980 precibus
1013 897 1156 982 ipsorum
1177 918 1219 960 re·

177 989 385 1052 reluctatum
413 1006 508 1070 aegre
534 985 693 1068 vicerunt,
722 989 759 1049 ut
783 985 891 1050 cibum
913 990 1050 1070 caperat.
1095 985 1219 1070 Quoque

227 1076 332 1140 minus
356 1074 462 1139 caedis
483 1073 631 1157 puderet,
656 1073 725 1138 iure
752 1073 957 1138 interfectum
980 1071 1102 1139 Clitum
1125 1073 1220 1138 Mace·

228 1165 325 1228 dones
349 1162 523 1228 decernunt
545 1160 710 1246 sepultura
732 1182 858 1245 quoque
880 1161 1090 1245 prohibituri,
1116 1163 1151 1227 ni
1170 1182 1221 1226 rex

226 1252 354 1316 humari
375 1251 530 1316 iussisset.

175 1350 209 1399 ra
313 1338 419 1424 Igitur
431 1356 455 1403 x
468 1338 580 1402 diebus
594 1338 733 1402 maxime
747 1337 788 1401 ad
802 1337 1055 1404 confirmandum
1073 1339 1220 1424 pudorem
1234 1339 1245 1402 7

228 1427 312 1512 apud
334 1426 527 1492 Maracanda
554 1426 751 1508 consumptis
775 1447 846 1490 cum
868 1431 961 1509 parte
984 1428 1145 1492 exercitus
1165 1426 1221 1491 He-

225 1516 451 1602 phaestionem
465 1515 500 1578 in
512 1514 677 1599 regionem
690 1513 896 1579 Bactrianam
912 1514 1012 1599 misit,
1029 1519 1220 1581 commeatus

175 1615 208 1664 14
226 1606 260 1669 in
282 1605 421 1669 hiemem
444 1608 639 1686 paraturum.
685 1600 787 1677 Quam
810 1601 896 1668 Clito
919 1607 993 1667 ante
1012 1602 1221 1669 destinaverat

226 1693 437 1778 provinciam,
468 1692 629 1775 Amyntae
661 1689 761 1754 dedit:
792 1690 862 1774 ipse
893 1689 1041 1774 Xenippa
1073 1692 1220 1775 pervenit.

228 1781 379 1865 Scythias
408 1779 542 1844 confinis
570 1782 619 1842 est
645 1779 734 1862 regio
761 1778 989 1863 habitaturque
1015 1780 1164 1864 pluribus
1189 1800 1219 1844 ac

226 1869 447 1952 frequentibus
470 1868 563 1951 vicis,
590 1867 666 1950 quia
692 1867 823 1930 ubertas
845 1870 949 1931 terrae
970 1888 1036 1932 non
1059 1867 1219 1953 indigenas

176 1967 207 2015 15
227 1958 322 2021 modo
340 1957 469 2040 detinet,
489 1955 545 2020 sed
559 1955 658 2020 etiam
672 1954 811 2019 advenas
824 1955 950 2020 invitat.
981 1954 1218 2021 Bactrianorum

227 2045 370 2126 exulum,
400 2045 455 2128 qui
486 2044 527 2108 ab
554 2043 736 2108 Alexandro
765 2042 960 2127 defecerant,
990 2044 1219 2128 receptaculum

228 2133 341 2197 fuerat.
378 2129 439 2195 Sed
457 2136 629 2215 postquam
646 2151 756 2215 regem
774 2131 945 2196 adventare
963 2136 1151 2215 conpertum
1168 2137 1220 2212 cst,
1281 2163 1282 2176 κ

227 2219 313 2304 pulsi
336 2219 376 2284 ab
395 2219 509 2284 incolis
528 2255 569 2264 —
588 2237 614 2283 11
632 2219 723 2283 milia
739 2219 807 2284 fere
827 2223 860 2284 et
876 2237 901 2284 D
920 2255 962 2266 —
981 2225 1220 2306 congregantur.

177 2319 208 2367 16
228 2307 347 2372 Omnes
375 2307 499 2390 equites
530 2310 635 2390 erant,
667 2308 766 2372 etiam
792 2309 827 2372 iu
859 2329 936 2392 pace
963 2307 1142 2374 latrociniis
1172 2307 1219 2372 ad·

228 2396 328 2461 sueti:
364 2399 434 2459 tum
469 2394 590 2459 ferocia
622 2396 752 2481 ingenia
782 2417 849 2460 non
878 2397 1000 2460 bellum
1031 2397 1141 2481 modo,
1170 2395 1220 2460 sed

227 2486 325 2550 etiam
357 2484 469 2549 veniae
501 2483 683 2566 desperatio
715 2483 911 2567 efferaverat.
962 2483 1077 2569 Itaque
1110 2507 1149 2550 ex
1175 2485 1221 2547 in·

226 2575 356 2659 proviso
388 2572 494 2638 adorti
520 2570 713 2656 Amyntam,
744 2575 927 2656 praetorem
952 2571 1142 2657 Alexandri,
1171 2572 1220 2635 diu

176 2674 344 2745 manceps
376 2661 533 2745 proelium
564 2661 719 2724 fecerant:
751 2661 792 2723 ad
822 2661 973 2725 ultimum
1000 2677 1070 2727 Dec
1097 2681 1220 2726 suorum

227 2751 364 2832 amissis,
382 2771 517 2832 quorum
536 2764 598 2814 ccc
616 2747 720 2812 hostis
742 2748 835 2832 cepit,
858 2748 970 2813 dedere
988 2753 1083 2834 terga
1101 2749 1220 2814 victori·

226 2838 296 2920 bus,
318 2837 403 2901 haud
427 2859 503 2902 sane
526 2835 633 2921 inulti,
656 2837 774 2920 quippe
793 2835 887 2900 cxxx
904 2835 1114 2902 Macedonum
1132 2838 1221 2901 inter·

226 2926 372 2990 fecerunt
398 2932 587 3010 praeterque
616 2946 670 2988 eos
699 2940 761 2990 ccc
788 2928 822 2988 et
848 2941 870 2988 a
902 2926 1002 2990 saucii
1033 2925 1113 2990 facti
1144 2928 1222 2990 sunt.

175 3025 207 3074 18
227 3013 362 3078 Veniam
385 3016 494 3078 tamen
518 3014 616 3078 etiam
639 3015 713 3097 post
736 3012 871 3076 alteram
894 3012 1106 3078 defectionem
1130 3014 1221 3097 impe·

225 3103 403 3167 traverunt.

175 3201 206 3249 19
312 3187 374 3253 His
393 3188 541 3253 infidam
560 3189 698 3274 acceptis
716 3189 946 3274 inregionem,
967 3210 1064 3273 quam
1082 3187 1246 3255 Nautaca8
1277 3229 1278 3290 ,

226 3278 399 3361 appellant,
421 3298 479 3342 rex
501 3297 573 3341 cum
595 3281 665 3342 toto
687 3277 827 3342 exercitu
849 3277 945 3341 venit.
987 3275 1140 3362 Satrapes
1158 3281 1218 3342 erat

226 3365 426 3431 Sisimithres
448 3365 571 3430 duobus
596 3386 634 3429 ex
657 3386 715 3430 sua
732 3369 836 3429 matre
858 3365 935 3429 filiis
955 3367 1088 3450 genitis:
1112 3367 1220 3450 quippe

227 3455 311 3540 apud
331 3477 386 3520 eos
409 3452 595 3539 parentibus
614 3458 726 3536 stupro
750 3454 835 3518 coire
859 3473 931 3518 cum
957 3454 1067 3518 liberis
1095 3454 1145 3520 fas
1170 3457 1220 3517 est.

174 3556 207 3604 20
227 3544 259 3608 Is
284 3543 416 3608 armatis
438 3541 650 3626 popularibus
667 3540 776 3605 fauces
794 3541 951 3626 regionis,
973 3563 1037 3625 qua
1056 3543 1092 3608 in
1110 3542 1221 3607 artissi-

227 3654 316 3696 mum
343 3631 481 3716 cogitur,
508 3629 616 3694 valido
643 3629 842 3695 munimento
870 3634 1042 3714 saepserat
1087 3630 1221 3697 Praeter·
1275 3689 1276 3696 ,
