2602 4094
202 194 268 258 264
573 193 604 260 Q.
623 193 734 250 CURTI
750 194 837 250 RUFI

147 351 185 400 ιο
203 339 311 424 plures
334 339 523 423 dimiserim,
544 361 641 424 quam
659 341 842 404 ueternum
861 361 941 404 sum.
977 336 1096 404 Subest
1113 338 1205 404 nimi-

203 450 277 494 rum
296 427 393 494 altius
411 428 545 511 malum,
568 426 652 512 quod
671 447 782 493 omnes
802 427 922 491 avertit
938 449 959 492 a
975 449 1037 492 me.
1072 426 1203 505 Quando

202 517 288 581 enim
319 535 430 601 regem
462 517 629 581 universus
660 515 802 581 deseruit
828 515 1007 581 exercitus?
1045 513 1096 581 Ne
1122 515 1203 580 serui

202 605 332 690 quidem
360 627 423 671 uno
451 623 551 688 grege
577 603 768 689 profugiunt
795 603 954 690 dominos,
981 604 1037 669 sed
1064 606 1115 669 est
1142 605 1203 688 qui·

202 693 277 758 dam
308 695 344 758 in
373 693 439 757 illis
470 690 574 776 pudor
601 714 622 757 a
648 692 763 757 ceteris
795 691 967 757 destitutos
999 691 1203 776 relinquendi

147 792 183 842 ιι
203 779 324 846 Verum
355 800 415 866 ego
444 784 514 845 tam
543 780 686 846 furiosae
714 780 984 846 consternationis
1011 781 1135 846 oblitus
1161 802 1204 844 re·

201 870 309 935 media
329 869 565 934 insanabilibus
588 889 686 934 conor
710 868 870 934 adhibere.
915 868 1051 935 Omnem
1077 868 1204 934 hercule

202 978 303 1041 spem,
326 978 422 1041 quam
445 977 485 1022 ex
506 957 599 1023 vobis
620 978 838 1042 conceperam,
860 955 979 1023 damno
1000 979 1060 1023 nec
1079 961 1118 1022 ut
1134 979 1204 1022 cum

201 1045 361 1110 militibus
375 1045 456 1110 meis
473 1081 509 1092 -
527 1046 593 1111 iam
613 1046 699 1110 enim
717 1066 786 1112 esse
804 1045 933 1110 desistis
950 1081 988 1094 -
1005 1045 1061 1110 sed
1078 1048 1117 1110 ut
1135 1067 1204 1110 cum
1287 1083 1288 1122 f

147 1145 183 1194 aa
201 1134 432 1218 ingratissimis
463 1134 571 1218 operis
603 1152 699 1218 agere
730 1133 864 1198 domari.
915 1130 1067 1200 Secundis
1102 1134 1204 1218 rebus,
1287 1173 1288 1196 ι

202 1243 284 1306 quae
306 1222 530 1288 circumfluunt
551 1243 619 1306 vos,
641 1223 782 1287 insanire
802 1222 966 1306 coepistis,
988 1221 1083 1287 obliti
1101 1225 1203 1287 status
1287 1247 1288 1298 ς

201 1310 284 1395 sius,
310 1332 405 1396 quem
426 1309 581 1376 beneficio
605 1311 738 1375 exuistis
761 1331 847 1394 meo,
874 1309 964 1395 digni
986 1309 1129 1393 hercule,
1152 1310 1205 1394 qui
1287 1301 1288 1322 ³

200 1401 236 1465 in
263 1399 374 1465 eodem
406 1399 656 1479 consenescatis,
687 1399 840 1484 quoniam
871 1399 999 1464 facilius
1033 1401 1083 1464 est
1114 1399 1203 1464 vobis

147 1498 183 1549 ao
201 1486 369 1554 adversam
397 1510 494 1573 quam
521 1487 694 1552 secundam
720 1507 831 1571 regere
854 1486 1027 1553 fortunam.
1062 1485 1115 1552 nn
1135 1491 1203 1552 tsn-

201 1575 289 1661 dem,
318 1575 505 1661 Illyriorum
536 1576 633 1660 paulo
662 1579 737 1641 ante
764 1578 797 1640 et
822 1574 996 1642 Persarum
1022 1575 1204 1640 tributariis

200 1665 282 1730 Asia
308 1669 342 1730 et
367 1667 419 1730 tot
442 1664 588 1748 gentium
616 1665 721 1747 spolia
742 1663 873 1729 fastidio
897 1667 980 1730 sunt
1025 1661 1122 1728 Modo
1146 1663 1202 1728 sub

200 1753 352 1838 Philippo
371 1753 545 1818 seminudis
564 1752 702 1817 amicula
719 1775 758 1818 ex
775 1774 918 1837 purpura
935 1752 1075 1836 sordent,
1093 1773 1203 1816 aurum

200 1846 235 1907 et
253 1845 423 1926 argentum
441 1841 527 1907 oculi
543 1840 628 1906 ferre
643 1863 711 1907 non
727 1845 877 1923 possunt:
899 1840 1009 1924 lignea
1026 1840 1113 1905 enim
1128 1861 1204 1905 vasa

200 1930 383 1995 desiderant
410 1933 443 1995 et
470 1951 509 1995 ex
536 1930 678 1995 cratibus
701 1932 794 1994 scuta
814 1929 1059 2013 rubiginemque
1082 1928 1204 2014 gladio·

148 2029 183 2078 aa
201 2040 282 2085 rum.
319 2017 391 2083 Hoc
413 2018 501 2084 cultu
522 2019 663 2084 nitentes
681 2039 738 2083 vos
758 2017 867 2100 accepi
885 2020 919 2081 et
936 2035 961 2081 ι)
979 2017 1105 2082 talenta
1123 2017 1203 2081 aeris

201 2105 314 2187 alieni,
336 2127 409 2170 cum
430 2107 536 2171 omnis
557 2107 648 2191 regia
673 2105 817 2190 supellex
838 2104 924 2169 haud
947 2105 1087 2188 amplius
1110 2126 1204 2190 quem

200 2210 249 2257 nx
275 2193 472 2259 talentorum
508 2199 589 2260 esset
636 2195 715 2260 Ecce
750 2215 895 2259 meorum
931 2215 1065 2279 operum
1096 2193 1204 2258 funda·

200 2285 290 2346 ment
275 2283 323 2347 ta!
358 2281 481 2366 quibus
505 2286 680 2346 tamen-
706 2282 793 2347 absit
824 2281 1010 2346 invidia-
972 2281 1204 2364 -imperium

146 2383 183 2433 25
201 2370 360 2436 maximae
381 2374 542 2436 terrarum
564 2371 700 2454 partis'
689 2370 827 2453 mposui.
864 2368 1004 2435 Asiaene
1022 2375 1204 2453 pertaesum

201 2464 265 2546 est,
287 2481 368 2545 quae
390 2479 449 2524 vos
461 2459 577 2562 ,gloria
599 2480 707 2523 rerum
729 2463 896 2544 gestarum
918 2457 968 2523 dis
990 2478 1086 2542 pares
1108 2456 1204 2522 fecit?

200 2547 241 2614 ln
266 2547 468 2632 Europam
458 2570 506 2613 ire
531 2548 712 2632 properatis
738 2567 815 2631 rege
837 2547 978 2630 deserto,
1009 2567 1081 2612 cum
1109 2546 1205 2629 pluri·

200 2637 261 2703 bus
278 2641 419 2702 vestrum
440 2637 624 2702 defuturum
642 2635 795 2700 viaticum
812 2634 922 2718 fuerit,
940 2635 975 2699 ni
993 2655 1047 2700 aes
1065 2633 1205 2699 alienum

146 2737 183 2786 ao
201 2725 347 2807 luissem,
375 2747 492 2808 nempe
517 2726 552 2790 in
577 2724 724 2788 Asiatica
749 2722 876 2807 praeda.
921 2721 990 2788 Nec
1014 2722 1114 2805 pudet
1136 2745 1205 2806 pro·
1286 2749 1287 2752 ¹

200 2811 299 2877 fundo
317 2816 428 2877 ventre
446 2813 643 2878 devictarum
661 2812 806 2896 gentium
824 2811 930 2894 spolia
947 2810 1206 2877 circumferentes
1286 2819 1287 2856 l

200 2901 319 2966 reverti
354 2901 438 2965 velle
472 2902 514 2966 ad
545 2902 665 2966 liberos
697 2901 925 2985 coniugesque,
959 2899 1078 2983 quibus
1113 2898 1206 2983 pauci
1286 2951 1287 2958 ,

200 2989 345 3074 praemia
369 2988 523 3056 victoriae
549 2989 688 3074 potestis
711 2988 892 3053 ostendere:
919 3009 996 3052 nam
1018 2990 1207 3070 ceterorum,

201 3078 276 3143 dum
307 3076 408 3142 etiam
438 3078 506 3161 spei
537 3081 664 3143 vestrae
690 3077 820 3141 obviam
847 3076 933 3161 istis,
963 3097 1054 3140 arma
1080 3095 1206 3160 quoque

147 3179 182 3227 ιι
201 3166 331 3250 pignori
367 3167 451 3231 sunt
499 3164 601 3230 Bonis
631 3187 707 3231 vero
744 3165 903 3230 militibus
934 3165 1095 3229 cariturus
1128 3185 1207 3246 sum,

200 3255 338 3339 pelicum
358 3275 488 3319 suarum
507 3253 705 3339 concubinis,
724 3254 840 3339 quibus
858 3252 920 3318 hoc
936 3253 1040 3318 solum
1054 3273 1093 3316 ex
1107 3252 1207 3316 tantis

202 3341 318 3425 opibus
336 3345 496 3428 superest,
514 3342 549 3406 in
567 3342 652 3427 quod
669 3342 863 3427 inpenditur.
898 3339 1037 3406 Proinde
1054 3339 1206 3424 fugienti·

201 3431 262 3495 bus
285 3451 336 3496 me
358 3433 493 3515 pateant
514 3431 647 3495 limites:
669 3429 820 3496 facessite
840 3430 917 3496 hinc
932 3429 1032 3506 ocius,
1054 3448 1115 3512 ego
1136 3449 1207 3492 cum

200 3517 309 3583 Persis
328 3519 514 3583 abeuntium
530 3521 624 3602 terga
640 3520 781 3584 tutabor.
812 3516 983 3583 Neminem
1001 3521 1110 3582 teneo:
1129 3515 1207 3582 libe·

149 3615 184 3664 28
202 3608 271 3669 rate
302 3605 411 3669 oculos
437 3627 541 3689 meos,
571 3605 786 3689 ingratissimi
812 3605 907 3671 cives.
951 3605 1043 3670 Laeti
1071 3626 1129 3669 vos
1157 3625 1206 3668 ex·
