2582 4098
225 161 267 226 98
598 159 630 226 Q.
649 161 758 216 CUBTI
775 161 862 217 RUFI

225 306 329 371 cultus
355 306 491 391 vesfigio
519 305 651 370 attoniti
671 305 880 370 intuebantur
902 307 947 389 et,
979 309 1162 389 antequam
1181 305 1230 369 lux
1266 335 1267 382 ;

226 414 350 478 quoque
382 397 414 496 et
445 393 580 494 caelum·
596 393 684 477 ipsos
712 393 894 494 deficerent,
924 394 1042 458 reverti
1057 393 1230 495 ‘iubebant

174 481 1231 670 “dsdttltal‘ztltfitflrttendtffg1ttiltl?

224 658 315 742 gredi
347 657 460 740 eoepit
503 655 711 722 Erubuerunt
739 678 807 722 non
840 657 930 741 sequi
960 679 1106 741 primum
1136 656 1233 738 amici,
1267 711 1268 732 ,

224 746 338 810 deinde
361 744 523 828 copiarum
543 743 647 829 duces,
669 744 710 808 ed
725 745 875 810 ultimum
891 745 1023 809 milites:
1045 745 1232 828 primusque
1267 751 1268 840 l

224 854 280 896 rex
302 831 435 897 dolabra
456 833 592 916 glaciem
613 833 814 918 perfringens
836 834 898 897 iter
920 833 982 898 sibi
1005 833 1099 915 fecit,
1136 854 1231 896 exem·
1267 869 1268 908 ι

173 941 206 991 15
224 920 313 1003 plum
341 920 427 1004 regis
449 920 544 984 ceteri
566 920 684 986 imitati
706 925 789 986 sunt
833 918 976 986 Tandem
997 919 1232 1004 propemodum
1266 963 1268 1040 4

225 1008 330 1071 invias
362 1007 458 1072 silvas
489 1010 610 1073 emensi
639 1008 774 1074 humani
802 1009 906 1074 cultus
933 1030 1007 1072 rara
1031 1008 1183 1094 vestigia
1207 1010 1233 1069 et

224 1095 344 1178 passim
367 1100 510 1162 errantes
528 1118 678 1181 pecorum
696 1116 811 1182 greges
828 1117 1004 1184 repperere.
1034 1094 1081 1159 At
1100 1097 1232 1176 incolae,

226 1183 282 1267 qui
305 1184 424 1266 sparsis
446 1185 585 1270 tuguriis
607 1185 807 1268 habitabant,
831 1205 902 1248 cum
925 1205 959 1250 se
981 1184 1122 1248 callibus
1142 1183 1232 1247 inviis

226 1274 353 1354 saeptos
372 1293 442 1338 esse
455 1272 671 1354 credidissent,
692 1278 730 1337 ut
742 1292 935 1356 conspexere
948 1270 1091 1336 hostium
1108 1292 1232 1358 agmen,

224 1359 411 1443 interfectis,
434 1362 488 1446 qui
510 1361 657 1426 comitari
678 1360 837 1445 fugientes
855 1381 922 1424 non
938 1362 1100 1444 poterant,
1127 1360 1232 1423 denos
1268 1409 1269 1446 ,

176 1469 207 1517 16
225 1452 351 1513 montes
375 1452 407 1513 et
428 1450 555 1513 nivibus
579 1448 699 1512 obsitos
721 1448 912 1531 petiverunt
952 1445 1032 1512 Inde
1054 1468 1118 1530 per
1142 1448 1231 1512 eollo·
1268 1473 1269 1532 ι

226 1536 301 1620 quia
330 1537 530 1620 captivorum
560 1537 715 1619 paulatim
744 1535 870 1601 feritate
897 1535 1047 1620 mitigata
1072 1535 1232 1599 tradidere

225 1645 259 1688 se
281 1624 360 1708 regi.
402 1623 472 1688 Nec
493 1625 528 1688 in
550 1622 673 1689 deditos
696 1624 824 1708 gravius
847 1624 1037 1688 consultum.

175 1733 206 1781 1'1
313 1710 458 1776 Vastatis
484 1711 558 1776 inde
585 1711 671 1796 agris
693 1711 831 1776 Persidis
858 1712 999 1796 vicisque
1022 1711 1231 1794 conpluribus

225 1800 362 1865 redactis
381 1800 414 1862 in
433 1801 626 1883 potestatem
644 1802 775 1864 ventum
791 1803 841 1864 est
852 1799 887 1863 in
899 1798 1088 1864 Mardorum
1102 1801 1230 1882 gentem

225 1888 410 1952 bellicosam
433 1890 466 1951 et
487 1888 624 1952 multum
653 1909 672 1951 a
694 1887 806 1953 ceteris
828 1887 934 1951 Persis
958 1888 1045 1950 cultu
1068 1887 1159 1952 vitae
1183 1886 1229 1949 ab·

225 1973 418 2039 horrentem.
464 1972 582 2059 Specus
608 1976 644 2039 in
665 1975 828 2040 montibus
854 1974 994 2058 fodiunt,
1020 1974 1056 2038 in
1080 1996 1167 2058 quos
1189 1994 1229 2038 se

227 2082 288 2145 que
320 2083 357 2126 ae
388 2063 541 2148 conjuges
572 2066 605 2127 et
634 2063 752 2128 liberos
784 2063 936 2128 condunt.
987 2061 1148 2127 Pecorum
1180 2063 1229 2126 aut

176 2171 208 2220 18
226 2148 365 2212 ferarum
388 2171 483 2214 carne
504 2155 684 2215 vescuntur.
720 2149 770 2216 Ne
791 2149 920 2214 feminis
943 2150 1071 2233 quidem
1093 2172 1157 2234 pro
1181 2170 1229 2212 na·

226 2240 317 2300 turae
342 2237 455 2301 habitu
477 2238 624 2303 molliora
645 2239 775 2324 ingenia
796 2241 883 2302 sunt:
913 2259 1024 2302 comae
1045 2237 1229 2321 prominet
1269 2277 1270 2280 =

176 2345 208 2394 19
225 2323 343 2407 hirtae,
372 2325 470 2390 vestis
497 2348 592 2410 super
614 2346 718 2410 genua
741 2329 797 2391 est.
841 2325 955 2390 Funde
977 2326 1125 2390 vinciunt
1147 2327 1228 2390 fron·

225 2415 305 2476 tem:
335 2412 398 2478 hoc
426 2417 459 2478 et
487 2417 710 2479 ornamentum
738 2413 852 2497 eapitis
881 2417 914 2478 et
938 2414 1039 2478 telum
1067 2417 1126 2479 est
1173 2410 1228 2478 Sed

226 2499 310 2566 hanc
340 2523 466 2587 quoque
496 2505 625 2586 gentem
653 2502 737 2567 idem
763 2502 911 2567 fortunae
937 2502 1076 2585 impetus
1100 2500 1228 2566 domuit

173 2611 209 2659 ac
226 2588 338 2674 Itaque
364 2590 525 2655 tricesimo
552 2590 616 2672 die,
646 2593 816 2674 postquam
844 2588 1048 2673 aPersepoli
1069 2590 1227 2672 profectus

228 2682 304 2760 erat,
327 2678 437 2743 eodem
460 2678 562 2744 rediit
597 2677 693 2743 Dona
714 2677 827 2743 deinde
850 2677 960 2742 amicis
979 2678 1156 2761 ceterisque
1174 2695 1227 2760 pro

226 2765 379 2850 cuiusque
401 2768 514 2832 merito
534 2766 632 2831 dedit:
654 2766 884 2850 propemodum
902 2765 1019 2849 omnia,
1041 2787 1123 2850 quae
1141 2767 1177 2830 in
1195 2783 1227 2827 ea

226 2853 304 2917 urbe
327 2858 466 2940 ceperat,
489 2854 667 2920 distributa

644 3010 722 3077 Gur.
743 3010 817 3076 VII.

190 3137 207 3187 1
314 3115 463 3184 (letarum
484 3117 629 3203 ingentia
650 3118 750 3182 enimi
772 3118 866 3195 bona,
888 3117 977 3180 illam
997 3116 1146 3199 indolem,
1168 3107 1259 3200 quali

227 3227 338 3272 omnes
369 3227 462 3292 reges
489 3207 672 3290 antecessit,
703 3206 792 3270 illam
821 3206 856 3269 in
884 3203 1056 3269 subeundis
1081 3203 1224 3287 periculis

227 3296 455 3378 constantiam,
484 3295 518 3358 in
544 3295 639 3359 rebus
665 3294 834 3358 moliendis
857 3292 1095 3375 efficiendisque
1117 3289 1225 3358 veloci·

226 3386 341 3466 tatem,
371 3385 407 3448 in
436 3382 559 3447 deditos
583 3382 692 3466 fidem,
722 3382 758 3446 in
786 3381 930 3465 captivos
956 3381 1169 3464 elementiam,
1194 3379 1224 3442 in

224 3472 444 3556 voluptatibus
479 3470 641 3555 permissis
673 3491 799 3555 quoque
830 3472 863 3533 et
893 3468 1021 3533 usitatis
1051 3473 1223 3553 temperan-

191 3561 319 3643 2tiam,
345 3560 431 3625 haud
458 3557 617 3624 tolerabili
643 3558 710 3622 vini
737 3557 910 3642 eupiditate
932 3556 1084 3621 foedavit.
1127 3557 1222 3621 Hoee
