<?xml version="1.0" encoding="UTF-8"?>
<!DOCTYPE html PUBLIC "-//W3C//DTD XHTML 1.0 Transitional//EN"
    "http://www.w3.org/TR/xhtml1/DTD/xhtml1-transitional.dtd">
<html xmlns="http://www.w3.org/1999/xhtml" xml:lang="en" lang="en">
 <head>
  <title>
</title>
<meta http-equiv="Content-Type" content="text/html;charset=utf-8" />
  <meta name='ocr-system' content='tesseract 3.04.00' />
  <meta name='ocr-capabilities' content='ocr_page ocr_carea ocr_par ocr_line ocrx_word'/>
</head>
<body>
  <div class='ocr_page' id='page_1' title='image "./qcurtirufihisto04rufugoog_0272.png"; bbox 0 0 2630 4090; ppageno 0'>
   <div class='ocr_carea' id='block_1_1' title="bbox 186 198 821 268">
    <p class='ocr_par' dir='ltr' id='par_1_1' title="bbox 186 198 821 268">
     <span class='ocr_line' id='line_1_1' title="bbox 186 198 821 268; baseline -0.009 -6"><span class='ocrx_word' id='word_1_1' title='bbox 186 198 252 262; x_wconf 80' lang='grc'><strong>240</strong></span> <span class='ocrx_word' id='word_1_2' title='bbox 556 202 588 268; x_wconf 83' lang='lat' dir='ltr'><strong>Q.</strong></span> <span class='ocrx_word' id='word_1_3' title='bbox 607 199 717 258; x_wconf 80' lang='lat' dir='ltr'><strong>cun‘n</strong></span> <span class='ocrx_word' id='word_1_4' title='bbox 733 201 821 257; x_wconf 75' lang='lat' dir='ltr'><strong>RUFI</strong></span> 
     </span>
    </p>
   </div>
   <div class='ocr_carea' id='block_1_2' title="bbox 136 341 1305 961">
    <p class='ocr_par' dir='ltr' id='par_1_2' title="bbox 185 341 1195 606">
     <span class='ocr_line' id='line_1_2' title="bbox 185 341 1195 432; baseline 0.002 -23"><span class='ocrx_word' id='word_1_5' title='bbox 185 341 283 410; x_wconf 90' lang='lat' dir='ltr'><strong>Indus</strong></span> <span class='ocrx_word' id='word_1_6' title='bbox 311 343 448 410; x_wconf 90' lang='lat' dir='ltr'><strong>duorum</strong></span> <span class='ocrx_word' id='word_1_7' title='bbox 475 345 657 410; x_wconf 89' lang='lat' dir='ltr'><strong>cubitorum</strong></span> <span class='ocrx_word' id='word_1_8' title='bbox 685 347 841 430; x_wconf 76' lang='lat' dir='ltr'><strong>sagittam</strong></span> <span class='ocrx_word' id='word_1_9' title='bbox 865 381 904 394; x_wconf 94' lang='lat'><em>-</em></span> <span class='ocrx_word' id='word_1_10' title='bbox 928 366 1067 430; x_wconf 83' lang='lat' dir='ltr'><strong>numque</strong></span> <span class='ocrx_word' id='word_1_11' title='bbox 1091 343 1195 432; x_wconf 89' lang='lat' dir='ltr'><strong>Indis,</strong></span> 
     </span>
     <span class='ocr_line' id='line_1_3' title="bbox 185 433 1193 519; baseline 0.003 -23"><span class='ocrx_word' id='word_1_12' title='bbox 185 439 224 496; x_wconf 91' lang='lat' dir='ltr'><strong>ut</strong></span> <span class='ocrx_word' id='word_1_13' title='bbox 241 435 337 498; x_wconf 87' lang='lat' dir='ltr'><strong>antea</strong></span> <span class='ocrx_word' id='word_1_14' title='bbox 354 433 502 517; x_wconf 79' lang='lat' dir='ltr'><strong>diximus,</strong></span> <span class='ocrx_word' id='word_1_15' title='bbox 519 433 616 500; x_wconf 91' lang='lat' dir='ltr'><strong>huius</strong></span> <span class='ocrx_word' id='word_1_16' title='bbox 630 433 863 518; x_wconf 77' lang='lat' dir='ltr'><strong>magnitudinis</strong></span> <span class='ocrx_word' id='word_1_17' title='bbox 882 435 1023 519; x_wconf 80' lang='lat' dir='ltr'><strong>sagittae</strong></span> <span class='ocrx_word' id='word_1_18' title='bbox 1042 438 1136 499; x_wconf 87' lang='lat' dir='ltr'><strong>erant</strong></span> <span class='ocrx_word' id='word_1_19' title='bbox 1148 469 1193 484; x_wconf 90' lang='grc'><strong>-</strong></span> 
     </span>
     <span class='ocr_line' id='line_1_4' title="bbox 186 519 1193 606; baseline 0.002 -20"><span class='ocrx_word' id='word_1_20' title='bbox 186 519 234 586; x_wconf 88' lang='lat' dir='ltr'><strong>ita</strong></span> <span class='ocrx_word' id='word_1_21' title='bbox 266 521 420 604; x_wconf 88' lang='lat' dir='ltr'><strong>excussit,</strong></span> <span class='ocrx_word' id='word_1_22' title='bbox 456 525 494 586; x_wconf 93' lang='lat' dir='ltr'><strong>ut</strong></span> <span class='ocrx_word' id='word_1_23' title='bbox 525 542 583 605; x_wconf 89' lang='lat' dir='ltr'><strong>per</strong></span> <span class='ocrx_word' id='word_1_24' title='bbox 612 520 779 586; x_wconf 77' lang='lat' dir='ltr'><strong>thoracem</strong></span> <span class='ocrx_word' id='word_1_25' title='bbox 810 522 941 605; x_wconf 86' lang='lat' dir='ltr'><strong>paulum</strong></span> <span class='ocrx_word' id='word_1_26' title='bbox 973 543 1069 606; x_wconf 89' lang='lat' dir='ltr'><strong>super</strong></span> <span class='ocrx_word' id='word_1_27' title='bbox 1105 522 1193 588; x_wconf 88' lang='lat' dir='ltr'><strong>latus</strong></span> 
     </span>
    </p>

    <p class='ocr_par' dir='ltr' id='par_1_3' title="bbox 137 607 1194 870">
     <span class='ocr_line' id='line_1_5' title="bbox 137 607 1194 696; baseline 0.009 -29"><span class='ocrx_word' id='word_1_28' title='bbox 137 618 169 668; x_wconf 86' lang='grc' dir='ltr'><strong>1ο</strong></span> <span class='ocrx_word' id='word_1_29' title='bbox 187 607 334 674; x_wconf 86' lang='lat' dir='ltr'><strong>dextrum</strong></span> <span class='ocrx_word' id='word_1_30' title='bbox 361 609 518 694; x_wconf 83' lang='lat' dir='ltr'><strong>indigeret.</strong></span> <span class='ocrx_word' id='word_1_31' title='bbox 568 608 638 685; x_wconf 84' lang='lat' dir='ltr'><strong>Quo</strong></span> <span class='ocrx_word' id='word_1_32' title='bbox 670 609 801 675; x_wconf 90' lang='lat' dir='ltr'><strong>vulnere</strong></span> <span class='ocrx_word' id='word_1_33' title='bbox 834 609 981 676; x_wconf 88' lang='lat' dir='ltr'><strong>adflictus</strong></span> <span class='ocrx_word' id='word_1_34' title='bbox 1012 630 1134 696; x_wconf 87' lang='lat' dir='ltr'><strong>magna</strong></span> <span class='ocrx_word' id='word_1_35' title='bbox 1159 609 1194 676; x_wconf 90' lang='lat' dir='ltr'><strong>vi</strong></span> 
     </span>
     <span class='ocr_line' id='line_1_6' title="bbox 187 697 1193 781; baseline 0.002 -20"><span class='ocrx_word' id='word_1_36' title='bbox 187 697 352 781; x_wconf 88' lang='lat' dir='ltr'><strong>sanguinis</strong></span> <span class='ocrx_word' id='word_1_37' title='bbox 389 698 545 762; x_wconf 88' lang='lat' dir='ltr'><strong>emicante</strong></span> <span class='ocrx_word' id='word_1_38' title='bbox 576 698 702 762; x_wconf 79' lang='lat' dir='ltr'><strong>remisit</strong></span> <span class='ocrx_word' id='word_1_39' title='bbox 732 719 823 762; x_wconf 88' lang='lat' dir='ltr'><strong>arma</strong></span> <span class='ocrx_word' id='word_1_40' title='bbox 852 697 1043 763; x_wconf 89' lang='lat' dir='ltr'><strong>moribundo</strong></span> <span class='ocrx_word' id='word_1_41' title='bbox 1076 698 1193 764; x_wconf 91' lang='lat' dir='ltr'><strong>similis</strong></span> 
     </span>
     <span class='ocr_line' id='line_1_7' title="bbox 188 785 1194 870; baseline 0.002 -20"><span class='ocrx_word' id='word_1_42' title='bbox 188 785 330 870; x_wconf 85' lang='lat' dir='ltr'><strong>adeoque</strong></span> <span class='ocrx_word' id='word_1_43' title='bbox 351 785 525 869; x_wconf 86' lang='lat' dir='ltr'><strong>resolutus,</strong></span> <span class='ocrx_word' id='word_1_44' title='bbox 550 789 588 850; x_wconf 90' lang='lat' dir='ltr'><strong>ut</strong></span> <span class='ocrx_word' id='word_1_45' title='bbox 608 807 648 849; x_wconf 89' lang='lat' dir='ltr'><strong>ne</strong></span> <span class='ocrx_word' id='word_1_46' title='bbox 672 785 713 851; x_wconf 88' lang='lat' dir='ltr'><strong>ed</strong></span> <span class='ocrx_word' id='word_1_47' title='bbox 736 786 917 852; x_wconf 89' lang='lat' dir='ltr'><strong>vellendum</strong></span> <span class='ocrx_word' id='word_1_48' title='bbox 939 786 1068 870; x_wconf 89' lang='lat' dir='ltr'><strong>quidem</strong></span> <span class='ocrx_word' id='word_1_49' title='bbox 1090 787 1194 852; x_wconf 89' lang='lat' dir='ltr'><strong>telum</strong></span> 
     </span>
    </p>

    <p class='ocr_par' dir='ltr' id='par_1_4' title="bbox 136 869 1305 961">
     <span class='ocr_line' id='line_1_8' title="bbox 136 869 1305 961; baseline 0.002 -23"><span class='ocrx_word' id='word_1_50' title='bbox 136 883 168 930; x_wconf 94' lang='grc'><strong>11</strong></span> <span class='ocrx_word' id='word_1_51' title='bbox 188 873 348 938; x_wconf 88' lang='lat' dir='ltr'><strong>sufficeret</strong></span> <span class='ocrx_word' id='word_1_52' title='bbox 370 871 508 938; x_wconf 88' lang='lat' dir='ltr'><strong>dextera</strong></span> <span class='ocrx_word' id='word_1_53' title='bbox 548 872 662 957; x_wconf 86' lang='lat' dir='ltr'><strong>Itaque</strong></span> <span class='ocrx_word' id='word_1_54' title='bbox 685 874 724 938; x_wconf 88' lang='lat' dir='ltr'><strong>ud</strong></span> <span class='ocrx_word' id='word_1_55' title='bbox 750 874 954 958; x_wconf 86' lang='lat' dir='ltr'><strong>spoliandum</strong></span> <span class='ocrx_word' id='word_1_56' title='bbox 977 896 1109 958; x_wconf 88' lang='lat' dir='ltr'><strong>corpus,</strong></span> <span class='ocrx_word' id='word_1_57' title='bbox 1137 876 1194 961; x_wconf 91' lang='lat' dir='ltr'><strong>qui</strong></span> <span class='ocrx_word' id='word_1_58' title='bbox 1304 869 1305 930; x_wconf 80' lang='lat' dir='ltr'><strong>l</strong></span> 
     </span>
    </p>
   </div>
   <div class='ocr_carea' id='block_1_3' title="bbox 99 961 1306 3692">
    <p class='ocr_par' dir='ltr' id='par_1_5' title="bbox 187 961 1305 1222">
     <span class='ocr_line' id='line_1_9' title="bbox 188 961 1305 1047; baseline 0.002 -21"><span class='ocrx_word' id='word_1_59' title='bbox 188 961 424 1046; x_wconf 82' lang='lat' dir='ltr'><strong>vulneraverat,</strong></span> <span class='ocrx_word' id='word_1_60' title='bbox 448 962 554 1028; x_wconf 84' lang='lat' dir='ltr'><strong>alacer</strong></span> <span class='ocrx_word' id='word_1_61' title='bbox 574 962 692 1047; x_wconf 91' lang='lat' dir='ltr'><strong>gaudio</strong></span> <span class='ocrx_word' id='word_1_62' title='bbox 710 962 858 1028; x_wconf 87' lang='lat' dir='ltr'><strong>accurrit.</strong></span> <span class='ocrx_word' id='word_1_63' title='bbox 894 962 995 1038; x_wconf 84' lang='lat' dir='ltr'><strong>Quem</strong></span> <span class='ocrx_word' id='word_1_64' title='bbox 1013 968 1051 1028; x_wconf 91' lang='lat' dir='ltr'><strong>ut</strong></span> <span class='ocrx_word' id='word_1_65' title='bbox 1073 963 1194 1028; x_wconf 86' lang='lat' dir='ltr'><strong>inicere</strong></span> <span class='ocrx_word' id='word_1_66' title='bbox 1304 981 1305 1000; x_wconf 65' lang='lat'>¹</span> 
     </span>
     <span class='ocr_line' id='line_1_10' title="bbox 187 1049 1194 1134; baseline 0.002 -21"><span class='ocrx_word' id='word_1_67' title='bbox 187 1049 313 1132; x_wconf 77' lang='lat' dir='ltr'><strong>corpori</strong></span> <span class='ocrx_word' id='word_1_68' title='bbox 335 1070 393 1114; x_wconf 87' lang='lat' dir='ltr'><strong>suo</strong></span> <span class='ocrx_word' id='word_1_69' title='bbox 415 1071 530 1114; x_wconf 90' lang='lat' dir='ltr'><strong>munus</strong></span> <span class='ocrx_word' id='word_1_70' title='bbox 553 1051 668 1132; x_wconf 86' lang='lat' dir='ltr'><strong>sensit,</strong></span> <span class='ocrx_word' id='word_1_71' title='bbox 695 1050 803 1134; x_wconf 90' lang='lat' dir='ltr'><strong>credo,</strong></span> <span class='ocrx_word' id='word_1_72' title='bbox 831 1050 937 1116; x_wconf 84' lang='lat' dir='ltr'><strong>ultimi</strong></span> <span class='ocrx_word' id='word_1_73' title='bbox 959 1050 1124 1117; x_wconf 85' lang='lat' dir='ltr'><strong>dedecoris</strong></span> <span class='ocrx_word' id='word_1_74' title='bbox 1146 1051 1194 1115; x_wconf 91' lang='lat' dir='ltr'><strong>in·</strong></span> 
     </span>
     <span class='ocr_line' id='line_1_11' title="bbox 187 1136 1305 1222; baseline -0.001 -21"><span class='ocrx_word' id='word_1_75' title='bbox 187 1136 346 1221; x_wconf 79' lang='lat' dir='ltr'><strong>dignitate</strong></span> <span class='ocrx_word' id='word_1_76' title='bbox 368 1141 547 1203; x_wconf 87' lang='lat' dir='ltr'><strong>commotus</strong></span> <span class='ocrx_word' id='word_1_77' title='bbox 574 1139 771 1222; x_wconf 87' lang='lat' dir='ltr'><strong>linquentem</strong></span> <span class='ocrx_word' id='word_1_78' title='bbox 797 1138 961 1204; x_wconf 89' lang='lat' dir='ltr'><strong>revocavit</strong></span> <span class='ocrx_word' id='word_1_79' title='bbox 988 1139 1133 1204; x_wconf 88' lang='lat' dir='ltr'><strong>animum</strong></span> <span class='ocrx_word' id='word_1_80' title='bbox 1159 1142 1194 1203; x_wconf 89' lang='lat' dir='ltr'><strong>et</strong></span> <span class='ocrx_word' id='word_1_81' title='bbox 1304 1169 1305 1200; x_wconf 71' lang='grc'><strong>1</strong></span> 
     </span>
    </p>

    <p class='ocr_par' dir='ltr' id='par_1_6' title="bbox 136 1223 1195 1399">
     <span class='ocr_line' id='line_1_12' title="bbox 136 1223 1195 1292; baseline 0.006 -7"><span class='ocrx_word' id='word_1_82' title='bbox 136 1235 169 1284; x_wconf 76' lang='grc'><strong>11</strong></span> <span class='ocrx_word' id='word_1_83' title='bbox 187 1223 307 1290; x_wconf 89' lang='lat' dir='ltr'><strong>nudum</strong></span> <span class='ocrx_word' id='word_1_84' title='bbox 324 1225 428 1291; x_wconf 89' lang='lat' dir='ltr'><strong>hostis</strong></span> <span class='ocrx_word' id='word_1_85' title='bbox 449 1227 536 1291; x_wconf 90' lang='lat' dir='ltr'><strong>latus</strong></span> <span class='ocrx_word' id='word_1_86' title='bbox 555 1225 698 1290; x_wconf 89' lang='lat' dir='ltr'><strong>subiecto</strong></span> <span class='ocrx_word' id='word_1_87' title='bbox 718 1247 868 1291; x_wconf 88' lang='lat' dir='ltr'><strong>mucrone</strong></span> <span class='ocrx_word' id='word_1_88' title='bbox 885 1226 1004 1292; x_wconf 86' lang='lat' dir='ltr'><strong>hausit</strong></span> <span class='ocrx_word' id='word_1_89' title='bbox 1039 1225 1195 1292; x_wconf 87' lang='lat' dir='ltr'><strong>Iacebant</strong></span> 
     </span>
     <span class='ocr_line' id='line_1_13' title="bbox 188 1313 1192 1399; baseline 0.004 -21"><span class='ocrx_word' id='word_1_90' title='bbox 188 1314 273 1378; x_wconf 88' lang='lat' dir='ltr'><strong>circa</strong></span> <span class='ocrx_word' id='word_1_91' title='bbox 300 1334 410 1399; x_wconf 87' lang='lat' dir='ltr'><strong>regem</strong></span> <span class='ocrx_word' id='word_1_92' title='bbox 441 1313 506 1379; x_wconf 84' lang='lat' dir='ltr'><strong>tria</strong></span> <span class='ocrx_word' id='word_1_93' title='bbox 532 1335 667 1398; x_wconf 87' lang='lat' dir='ltr'><strong>corpora</strong></span> <span class='ocrx_word' id='word_1_94' title='bbox 693 1316 805 1398; x_wconf 88' lang='lat' dir='ltr'><strong>procul</strong></span> <span class='ocrx_word' id='word_1_95' title='bbox 836 1314 1039 1398; x_wconf 86' lang='lat' dir='ltr'><strong>stupentibus</strong></span> <span class='ocrx_word' id='word_1_96' title='bbox 1066 1316 1192 1383; x_wconf 88' lang='lat' dir='ltr'><strong>ceteris.</strong></span> 
     </span>
    </p>

    <p class='ocr_par' dir='ltr' id='par_1_7' title="bbox 186 1401 1194 1576">
     <span class='ocr_line' id='line_1_14' title="bbox 186 1401 1194 1487; baseline 0.004 -21"><span class='ocrx_word' id='word_1_97' title='bbox 186 1401 246 1466; x_wconf 90' lang='lat' dir='ltr'><strong>Ille</strong></span> <span class='ocrx_word' id='word_1_98' title='bbox 268 1406 318 1487; x_wconf 94' lang='lat' dir='ltr'><strong>ut,</strong></span> <span class='ocrx_word' id='word_1_99' title='bbox 340 1406 512 1487; x_wconf 86' lang='lat' dir='ltr'><strong>antequam</strong></span> <span class='ocrx_word' id='word_1_100' title='bbox 535 1403 668 1467; x_wconf 87' lang='lat' dir='ltr'><strong>ultimus</strong></span> <span class='ocrx_word' id='word_1_101' title='bbox 691 1403 822 1486; x_wconf 87' lang='lat' dir='ltr'><strong>spiritus</strong></span> <span class='ocrx_word' id='word_1_102' title='bbox 845 1403 1006 1487; x_wconf 89' lang='lat' dir='ltr'><strong>deficeret,</strong></span> <span class='ocrx_word' id='word_1_103' title='bbox 1036 1403 1194 1470; x_wconf 89' lang='lat' dir='ltr'><strong>dimicans</strong></span> 
     </span>
     <span class='ocr_line' id='line_1_15' title="bbox 186 1491 1194 1576; baseline 0.003 -22"><span class='ocrx_word' id='word_1_104' title='bbox 186 1493 296 1555; x_wconf 88' lang='lat' dir='ltr'><strong>tamen</strong></span> <span class='ocrx_word' id='word_1_105' title='bbox 322 1491 577 1576; x_wconf 82' lang='lat' dir='ltr'><strong>extingueretur,</strong></span> <span class='ocrx_word' id='word_1_106' title='bbox 603 1491 705 1574; x_wconf 92' lang='lat' dir='ltr'><strong>clipeo</strong></span> <span class='ocrx_word' id='word_1_107' title='bbox 733 1512 768 1557; x_wconf 86' lang='lat' dir='ltr'><strong>se</strong></span> <span class='ocrx_word' id='word_1_108' title='bbox 795 1491 945 1557; x_wconf 89' lang='lat' dir='ltr'><strong>adlevare</strong></span> <span class='ocrx_word' id='word_1_109' title='bbox 968 1494 1103 1556; x_wconf 89' lang='lat' dir='ltr'><strong>conatus</strong></span> <span class='ocrx_word' id='word_1_110' title='bbox 1129 1496 1194 1558; x_wconf 88' lang='lat' dir='ltr'><strong>est:</strong></span> 
     </span>
    </p>

    <p class='ocr_par' dir='ltr' id='par_1_8' title="bbox 137 1578 1195 1929">
     <span class='ocr_line' id='line_1_16' title="bbox 137 1578 1194 1664; baseline 0.002 -22"><span class='ocrx_word' id='word_1_111' title='bbox 137 1581 221 1643; x_wconf 83' lang='grc'><strong>1311</strong></span> <span class='ocrx_word' id='word_1_112' title='bbox 251 1582 423 1663; x_wconf 69' lang='lat' dir='ltr'><strong>postquam</strong></span> <span class='ocrx_word' id='word_1_113' title='bbox 455 1578 495 1643; x_wconf 88' lang='lat' dir='ltr'><strong>ad</strong></span> <span class='ocrx_word' id='word_1_114' title='bbox 526 1578 731 1644; x_wconf 88' lang='lat' dir='ltr'><strong>conitendum</strong></span> <span class='ocrx_word' id='word_1_115' title='bbox 761 1579 844 1644; x_wconf 90' lang='lat' dir='ltr'><strong>nihil</strong></span> <span class='ocrx_word' id='word_1_116' title='bbox 871 1583 1036 1663; x_wconf 86' lang='lat' dir='ltr'><strong>supererat</strong></span> <span class='ocrx_word' id='word_1_117' title='bbox 1066 1579 1194 1664; x_wconf 90' lang='lat' dir='ltr'><strong>virium,</strong></span> 
     </span>
     <span class='ocr_line' id='line_1_17' title="bbox 187 1666 1194 1752; baseline 0.003 -22"><span class='ocrx_word' id='word_1_118' title='bbox 187 1666 320 1732; x_wconf 86' lang='lat' dir='ltr'><strong>dextera</strong></span> <span class='ocrx_word' id='word_1_119' title='bbox 345 1667 554 1752; x_wconf 86' lang='lat' dir='ltr'><strong>inpendentes</strong></span> <span class='ocrx_word' id='word_1_120' title='bbox 583 1687 691 1732; x_wconf 89' lang='lat' dir='ltr'><strong>ramos</strong></span> <span class='ocrx_word' id='word_1_121' title='bbox 719 1668 892 1751; x_wconf 88' lang='lat' dir='ltr'><strong>conplexus</strong></span> <span class='ocrx_word' id='word_1_122' title='bbox 924 1668 1107 1752; x_wconf 83' lang='lat' dir='ltr'><strong>temptabat</strong></span> <span class='ocrx_word' id='word_1_123' title='bbox 1139 1668 1194 1733; x_wconf 88' lang='lat' dir='ltr'><strong>ed·</strong></span> 
     </span>
     <span class='ocr_line' id='line_1_18' title="bbox 188 1753 1195 1841; baseline 0.003 -23"><span class='ocrx_word' id='word_1_124' title='bbox 188 1776 328 1841; x_wconf 88' lang='lat' dir='ltr'><strong>surgere.</strong></span> <span class='ocrx_word' id='word_1_125' title='bbox 370 1753 431 1820; x_wconf 87' lang='lat' dir='ltr'><strong>Sed</strong></span> <span class='ocrx_word' id='word_1_126' title='bbox 453 1777 494 1820; x_wconf 92' lang='lat' dir='ltr'><strong>ne</strong></span> <span class='ocrx_word' id='word_1_127' title='bbox 513 1756 559 1820; x_wconf 89' lang='lat' dir='ltr'><strong>sic</strong></span> <span class='ocrx_word' id='word_1_128' title='bbox 579 1754 708 1838; x_wconf 90' lang='lat' dir='ltr'><strong>quidem</strong></span> <span class='ocrx_word' id='word_1_129' title='bbox 730 1759 846 1838; x_wconf 90' lang='lat' dir='ltr'><strong>potens</strong></span> <span class='ocrx_word' id='word_1_130' title='bbox 865 1755 1008 1839; x_wconf 85' lang='lat' dir='ltr'><strong>corporis</strong></span> <span class='ocrx_word' id='word_1_131' title='bbox 1027 1777 1139 1822; x_wconf 90' lang='lat' dir='ltr'><strong>rursus</strong></span> <span class='ocrx_word' id='word_1_132' title='bbox 1157 1757 1195 1821; x_wconf 90' lang='lat' dir='ltr'><strong>in</strong></span> 
     </span>
     <span class='ocr_line' id='line_1_19' title="bbox 188 1843 1193 1929; baseline 0.002 -21"><span class='ocrx_word' id='word_1_133' title='bbox 188 1864 293 1928; x_wconf 88' lang='lat' dir='ltr'><strong>genua</strong></span> <span class='ocrx_word' id='word_1_134' title='bbox 323 1843 518 1928; x_wconf 88' lang='lat' dir='ltr'><strong>procumbit,</strong></span> <span class='ocrx_word' id='word_1_135' title='bbox 552 1864 651 1908; x_wconf 84' lang='lat' dir='ltr'><strong>manu</strong></span> <span class='ocrx_word' id='word_1_136' title='bbox 686 1864 864 1926; x_wconf 89' lang='lat' dir='ltr'><strong>provocans</strong></span> <span class='ocrx_word' id='word_1_137' title='bbox 899 1844 1023 1928; x_wconf 85' lang='lat' dir='ltr'><strong>hostes,</strong></span> <span class='ocrx_word' id='word_1_138' title='bbox 1059 1845 1088 1908; x_wconf 92' lang='lat' dir='ltr'><strong>si</strong></span> <span class='ocrx_word' id='word_1_139' title='bbox 1120 1844 1193 1929; x_wconf 90' lang='lat' dir='ltr'><strong>quis</strong></span> 
     </span>
    </p>

    <p class='ocr_par' dir='ltr' id='par_1_9' title="bbox 137 1929 1240 2105">
     <span class='ocr_line' id='line_1_20' title="bbox 137 1929 1240 2018; baseline 0.005 -28"><span class='ocrx_word' id='word_1_140' title='bbox 137 1941 169 1990; x_wconf 80' lang='lat'><strong>14</strong></span> <span class='ocrx_word' id='word_1_141' title='bbox 188 1931 339 2015; x_wconf 89' lang='lat' dir='ltr'><strong>congredi</strong></span> <span class='ocrx_word' id='word_1_142' title='bbox 362 1931 503 1998; x_wconf 86' lang='lat' dir='ltr'><strong>auderet.</strong></span> <span class='ocrx_word' id='word_1_143' title='bbox 537 1931 681 1996; x_wconf 78' lang='lat' dir='ltr'><strong>Tandem</strong></span> <span class='ocrx_word' id='word_1_144' title='bbox 698 1929 870 1998; x_wconf 86' lang='lat' dir='ltr'><strong>Peucestes</strong></span> <span class='ocrx_word' id='word_1_145' title='bbox 887 1953 946 2016; x_wconf 89' lang='lat' dir='ltr'><strong>per</strong></span> <span class='ocrx_word' id='word_1_146' title='bbox 963 1932 1062 1996; x_wconf 88' lang='lat' dir='ltr'><strong>aliam</strong></span> <span class='ocrx_word' id='word_1_147' title='bbox 1082 1931 1240 2018; x_wconf 79' lang='lat' dir='ltr'><strong>oppidi21</strong></span> 
     </span>
     <span class='ocr_line' id='line_1_21' title="bbox 187 2018 1194 2105; baseline 0.001 -21"><span class='ocrx_word' id='word_1_148' title='bbox 187 2024 314 2102; x_wconf 90' lang='lat' dir='ltr'><strong>partem</strong></span> <span class='ocrx_word' id='word_1_149' title='bbox 336 2018 514 2086; x_wconf 88' lang='lat' dir='ltr'><strong>deturbatis</strong></span> <span class='ocrx_word' id='word_1_150' title='bbox 537 2019 831 2104; x_wconf 87' lang='lat' dir='ltr'><strong>propugnatoribus</strong></span> <span class='ocrx_word' id='word_1_151' title='bbox 854 2020 938 2084; x_wconf 90' lang='lat' dir='ltr'><strong>muri</strong></span> <span class='ocrx_word' id='word_1_152' title='bbox 960 2019 1100 2104; x_wconf 87' lang='lat' dir='ltr'><strong>vestigia</strong></span> <span class='ocrx_word' id='word_1_153' title='bbox 1122 2041 1194 2105; x_wconf 91' lang='lat' dir='ltr'><strong>per-</strong></span> 
     </span>
    </p>

    <p class='ocr_par' dir='ltr' id='par_1_10' title="bbox 137 2105 1306 2455">
     <span class='ocr_line' id='line_1_22' title="bbox 137 2105 1195 2194; baseline 0.004 -24"><span class='ocrx_word' id='word_1_154' title='bbox 137 2116 170 2165; x_wconf 75' lang='lat'><strong>1⁶</strong></span> <span class='ocrx_word' id='word_1_155' title='bbox 187 2127 324 2190; x_wconf 88' lang='lat' dir='ltr'><strong>sequens</strong></span> <span class='ocrx_word' id='word_1_156' title='bbox 349 2109 436 2190; x_wconf 88' lang='lat' dir='ltr'><strong>regis</strong></span> <span class='ocrx_word' id='word_1_157' title='bbox 467 2109 659 2192; x_wconf 89' lang='lat' dir='ltr'><strong>supervenit.</strong></span> <span class='ocrx_word' id='word_1_158' title='bbox 704 2105 773 2183; x_wconf 82' lang='lat' dir='ltr'><strong>Quo</strong></span> <span class='ocrx_word' id='word_1_159' title='bbox 801 2110 973 2192; x_wconf 90' lang='lat' dir='ltr'><strong>conspecto</strong></span> <span class='ocrx_word' id='word_1_160' title='bbox 1000 2107 1195 2194; x_wconf 82' lang='lat' dir='ltr'><strong>Alexander,</strong></span> 
     </span>
     <span class='ocr_line' id='line_1_23' title="bbox 187 2195 1195 2280; baseline 0.005 -22"><span class='ocrx_word' id='word_1_161' title='bbox 187 2195 252 2259; x_wconf 90' lang='lat' dir='ltr'><strong>iam</strong></span> <span class='ocrx_word' id='word_1_162' title='bbox 274 2215 340 2259; x_wconf 91' lang='lat' dir='ltr'><strong>non</strong></span> <span class='ocrx_word' id='word_1_163' title='bbox 362 2196 448 2260; x_wconf 88' lang='lat' dir='ltr'><strong>vitae</strong></span> <span class='ocrx_word' id='word_1_164' title='bbox 471 2217 560 2278; x_wconf 90' lang='lat' dir='ltr'><strong>suae,</strong></span> <span class='ocrx_word' id='word_1_165' title='bbox 583 2195 638 2260; x_wconf 88' lang='lat' dir='ltr'><strong>sed</strong></span> <span class='ocrx_word' id='word_1_166' title='bbox 661 2196 775 2262; x_wconf 87' lang='lat' dir='ltr'><strong>mortis</strong></span> <span class='ocrx_word' id='word_1_167' title='bbox 793 2196 950 2262; x_wconf 85' lang='lat' dir='ltr'><strong>solacium</strong></span> <span class='ocrx_word' id='word_1_168' title='bbox 968 2197 1195 2280; x_wconf 88' lang='lat' dir='ltr'><strong>supervenisse</strong></span> 
     </span>
     <span class='ocr_line' id='line_1_24' title="bbox 187 2282 1306 2372; baseline 0.004 -25"><span class='ocrx_word' id='word_1_169' title='bbox 187 2285 290 2365; x_wconf 88' lang='lat' dir='ltr'><strong>retus,</strong></span> <span class='ocrx_word' id='word_1_170' title='bbox 320 2283 424 2366; x_wconf 90' lang='lat' dir='ltr'><strong>clipeo</strong></span> <span class='ocrx_word' id='word_1_171' title='bbox 454 2283 630 2368; x_wconf 87' lang='lat' dir='ltr'><strong>fatigatum</strong></span> <span class='ocrx_word' id='word_1_172' title='bbox 661 2305 777 2367; x_wconf 88' lang='lat' dir='ltr'><strong>corpus</strong></span> <span class='ocrx_word' id='word_1_173' title='bbox 808 2284 942 2369; x_wconf 88' lang='lat' dir='ltr'><strong>excepit.</strong></span> <span class='ocrx_word' id='word_1_174' title='bbox 993 2282 1087 2350; x_wconf 88' lang='lat' dir='ltr'><strong>Subit</strong></span> <span class='ocrx_word' id='word_1_175' title='bbox 1118 2285 1195 2350; x_wconf 91' lang='lat' dir='ltr'><strong>inde</strong></span> <span class='ocrx_word' id='word_1_176' title='bbox 1305 2353 1306 2372; x_wconf 52' lang='lat'><strong>,</strong></span> 
     </span>
     <span class='ocr_line' id='line_1_25' title="bbox 187 2369 1306 2455; baseline 0.005 -21"><span class='ocrx_word' id='word_1_177' title='bbox 187 2369 337 2436; x_wconf 77' lang='lat' dir='ltr'><strong>Timaeus</strong></span> <span class='ocrx_word' id='word_1_178' title='bbox 373 2376 407 2437; x_wconf 96' lang='grc'><strong>11</strong></span> <span class='ocrx_word' id='word_1_179' title='bbox 439 2371 537 2455; x_wconf 89' lang='lat' dir='ltr'><strong>paulo</strong></span> <span class='ocrx_word' id='word_1_180' title='bbox 572 2375 648 2454; x_wconf 91' lang='lat' dir='ltr'><strong>post</strong></span> <span class='ocrx_word' id='word_1_181' title='bbox 678 2370 875 2452; x_wconf 84' lang='lat' dir='ltr'><strong>Leonnatus,</strong></span> <span class='ocrx_word' id='word_1_182' title='bbox 910 2371 986 2438; x_wconf 91' lang='lat' dir='ltr'><strong>huic</strong></span> <span class='ocrx_word' id='word_1_183' title='bbox 1017 2372 1194 2440; x_wconf 82' lang='lat' dir='ltr'><strong>Aristonus</strong></span> <span class='ocrx_word' id='word_1_184' title='bbox 1305 2403 1306 2416; x_wconf 51' lang='lat'><em>÷</em></span> 
     </span>
    </p>

    <p class='ocr_par' dir='ltr' id='par_1_11' title="bbox 137 2459 1306 2810">
     <span class='ocr_line' id='line_1_26' title="bbox 137 2459 1306 2547; baseline 0.007 -28"><span class='ocrx_word' id='word_1_185' title='bbox 137 2467 169 2518; x_wconf 83' lang='grc'><strong>16</strong></span> <span class='ocrx_word' id='word_1_186' title='bbox 188 2461 379 2543; x_wconf 88' lang='lat' dir='ltr'><strong>supervenit.</strong></span> <span class='ocrx_word' id='word_1_187' title='bbox 419 2459 491 2524; x_wconf 92' lang='lat' dir='ltr'><strong>Indi</strong></span> <span class='ocrx_word' id='word_1_188' title='bbox 523 2480 661 2544; x_wconf 90' lang='lat' dir='ltr'><strong>quoque,</strong></span> <span class='ocrx_word' id='word_1_189' title='bbox 696 2481 769 2526; x_wconf 91' lang='lat' dir='ltr'><strong>oum</strong></span> <span class='ocrx_word' id='word_1_190' title='bbox 803 2462 890 2527; x_wconf 84' lang='lat' dir='ltr'><strong>intra</strong></span> <span class='ocrx_word' id='word_1_191' title='bbox 924 2459 1051 2525; x_wconf 90' lang='lat' dir='ltr'><strong>moenia</strong></span> <span class='ocrx_word' id='word_1_192' title='bbox 1081 2481 1198 2547; x_wconf 85' lang='lat' dir='ltr'><strong>regem</strong></span> <span class='ocrx_word' id='word_1_193' title='bbox 1305 2491 1306 2538; x_wconf 78' lang='lat'><em>3</em></span> 
     </span>
     <span class='ocr_line' id='line_1_27' title="bbox 187 2548 1196 2632; baseline 0.003 -20"><span class='ocrx_word' id='word_1_194' title='bbox 187 2569 257 2614; x_wconf 82' lang='lat' dir='ltr'><strong>ease</strong></span> <span class='ocrx_word' id='word_1_195' title='bbox 288 2549 520 2632; x_wconf 88' lang='lat' dir='ltr'><strong>conperissent‚</strong></span> <span class='ocrx_word' id='word_1_196' title='bbox 552 2548 679 2613; x_wconf 90' lang='lat' dir='ltr'><strong>omissis</strong></span> <span class='ocrx_word' id='word_1_197' title='bbox 711 2549 824 2613; x_wconf 88' lang='lat' dir='ltr'><strong>ceteris</strong></span> <span class='ocrx_word' id='word_1_198' title='bbox 856 2549 933 2614; x_wconf 90' lang='lat' dir='ltr'><strong>illuc</strong></span> <span class='ocrx_word' id='word_1_199' title='bbox 963 2555 1196 2615; x_wconf 89' lang='lat' dir='ltr'><strong>concurrerunt</strong></span> 
     </span>
     <span class='ocr_line' id='line_1_28' title="bbox 187 2635 1193 2721; baseline 0.002 -20"><span class='ocrx_word' id='word_1_200' title='bbox 187 2637 409 2721; x_wconf 88' lang='lat' dir='ltr'><strong>urgebantque</strong></span> <span class='ocrx_word' id='word_1_201' title='bbox 434 2640 652 2721; x_wconf 87' lang='lat' dir='ltr'><strong>protegentes.</strong></span> <span class='ocrx_word' id='word_1_202' title='bbox 696 2635 748 2701; x_wconf 83' lang='lat' dir='ltr'><strong>Ex</strong></span> <span class='ocrx_word' id='word_1_203' title='bbox 768 2637 882 2721; x_wconf 90' lang='lat' dir='ltr'><strong>quibus</strong></span> <span class='ocrx_word' id='word_1_204' title='bbox 905 2635 1057 2702; x_wconf 84' lang='lat' dir='ltr'><strong>Timaeus</strong></span> <span class='ocrx_word' id='word_1_205' title='bbox 1079 2638 1193 2704; x_wconf 87' lang='lat' dir='ltr'><strong>multis</strong></span> 
     </span>
     <span class='ocr_line' id='line_1_29' title="bbox 189 2723 1194 2810; baseline 0.003 -22"><span class='ocrx_word' id='word_1_206' title='bbox 189 2723 323 2789; x_wconf 89' lang='lat' dir='ltr'><strong>adverso</strong></span> <span class='ocrx_word' id='word_1_207' title='bbox 351 2746 484 2808; x_wconf 87' lang='lat' dir='ltr'><strong>corpore</strong></span> <span class='ocrx_word' id='word_1_208' title='bbox 510 2724 697 2789; x_wconf 90' lang='lat' dir='ltr'><strong>vulneribus</strong></span> <span class='ocrx_word' id='word_1_209' title='bbox 725 2725 863 2810; x_wconf 88' lang='lat' dir='ltr'><strong>acceptis</strong></span> <span class='ocrx_word' id='word_1_210' title='bbox 891 2725 1082 2810; x_wconf 86' lang='lat' dir='ltr'><strong>egregiaque</strong></span> <span class='ocrx_word' id='word_1_211' title='bbox 1106 2727 1194 2791; x_wconf 88' lang='lat' dir='ltr'><strong>edita</strong></span> 
     </span>
    </p>

    <p class='ocr_par' dir='ltr' id='par_1_12' title="bbox 138 2811 1195 3072">
     <span class='ocr_line' id='line_1_30' title="bbox 138 2811 1193 2898; baseline 0.004 -22"><span class='ocrx_word' id='word_1_212' title='bbox 138 2820 169 2869; x_wconf 81' lang='grc'><strong>11</strong></span> <span class='ocrx_word' id='word_1_213' title='bbox 188 2830 297 2896; x_wconf 87' lang='lat' dir='ltr'><strong>pugna</strong></span> <span class='ocrx_word' id='word_1_214' title='bbox 309 2813 438 2878; x_wconf 85' lang='lat' dir='ltr'><strong>cecidit:</strong></span> <span class='ocrx_word' id='word_1_215' title='bbox 455 2811 625 2879; x_wconf 87' lang='lat' dir='ltr'><strong>Peucestes</strong></span> <span class='ocrx_word' id='word_1_216' title='bbox 639 2833 765 2898; x_wconf 92' lang='lat' dir='ltr'><strong>quoque</strong></span> <span class='ocrx_word' id='word_1_217' title='bbox 777 2813 882 2878; x_wconf 89' lang='lat' dir='ltr'><strong>tribus</strong></span> <span class='ocrx_word' id='word_1_218' title='bbox 896 2813 1009 2878; x_wconf 89' lang='lat' dir='ltr'><strong>iaculis</strong></span> <span class='ocrx_word' id='word_1_219' title='bbox 1022 2813 1193 2880; x_wconf 88' lang='lat' dir='ltr'><strong>confossus</strong></span> 
     </span>
     <span class='ocr_line' id='line_1_31' title="bbox 188 2900 1194 2986; baseline 0.003 -22"><span class='ocrx_word' id='word_1_220' title='bbox 188 2921 253 2965; x_wconf 92' lang='lat' dir='ltr'><strong>non</strong></span> <span class='ocrx_word' id='word_1_221' title='bbox 275 2922 310 2966; x_wconf 90' lang='grc'><strong>11</strong></span> <span class='ocrx_word' id='word_1_222' title='bbox 332 2905 440 2965; x_wconf 90' lang='lat' dir='ltr'><strong>tamen</strong></span> <span class='ocrx_word' id='word_1_223' title='bbox 465 2906 569 2984; x_wconf 89' lang='lat' dir='ltr'><strong>scuto,</strong></span> <span class='ocrx_word' id='word_1_224' title='bbox 591 2900 647 2966; x_wconf 90' lang='lat' dir='ltr'><strong>sed</strong></span> <span class='ocrx_word' id='word_1_225' title='bbox 671 2922 780 2986; x_wconf 87' lang='lat' dir='ltr'><strong>regem</strong></span> <span class='ocrx_word' id='word_1_226' title='bbox 802 2901 968 2966; x_wconf 86' lang='lat' dir='ltr'><strong>tuebatur:</strong></span> <span class='ocrx_word' id='word_1_227' title='bbox 996 2900 1194 2986; x_wconf 87' lang='lat' dir='ltr'><strong>Leonnatus,</strong></span> 
     </span>
     <span class='ocr_line' id='line_1_32' title="bbox 188 2988 1195 3074; baseline 0.002 -20"><span class='ocrx_word' id='word_1_228' title='bbox 188 2989 264 3054; x_wconf 92' lang='lat' dir='ltr'><strong>dum</strong></span> <span class='ocrx_word' id='word_1_229' title='bbox 282 2988 374 3054; x_wconf 89' lang='lat' dir='ltr'><strong>avide</strong></span> <span class='ocrx_word' id='word_1_230' title='bbox 391 2992 521 3054; x_wconf 89' lang='lat' dir='ltr'><strong>ruentes</strong></span> <span class='ocrx_word' id='word_1_231' title='bbox 540 2989 695 3054; x_wconf 91' lang='lat' dir='ltr'><strong>barbaros</strong></span> <span class='ocrx_word' id='word_1_232' title='bbox 714 2989 890 3072; x_wconf 84' lang='lat' dir='ltr'><strong>submovet,</strong></span> <span class='ocrx_word' id='word_1_233' title='bbox 908 2990 1029 3055; x_wconf 89' lang='lat' dir='ltr'><strong>cervice</strong></span> <span class='ocrx_word' id='word_1_234' title='bbox 1048 2990 1195 3074; x_wconf 85' lang='lat' dir='ltr'><strong>graviter</strong></span> 
     </span>
    </p>

    <p class='ocr_par' dir='ltr' id='par_1_13' title="bbox 137 3069 1194 3426">
     <span class='ocr_line' id='line_1_33' title="bbox 137 3069 1194 3161; baseline 0.003 -20"><span class='ocrx_word' id='word_1_235' title='bbox 137 3086 169 3135; x_wconf 84' lang='grc'><strong>18</strong></span> <span class='ocrx_word' id='word_1_236' title='bbox 188 3078 254 3142; x_wconf 83' lang='grc'><strong>1111</strong></span> <span class='ocrx_word' id='word_1_237' title='bbox 280 3077 477 3143; x_wconf 89' lang='lat' dir='ltr'><strong>semianimis</strong></span> <span class='ocrx_word' id='word_1_238' title='bbox 504 3077 676 3161; x_wconf 88' lang='lat' dir='ltr'><strong>procubuit</strong></span> <span class='ocrx_word' id='word_1_239' title='bbox 702 3081 777 3142; x_wconf 88' lang='lat' dir='ltr'><strong>autc</strong></span> <span class='ocrx_word' id='word_1_240' title='bbox 802 3077 889 3161; x_wconf 90' lang='lat' dir='ltr'><strong>regis</strong></span> <span class='ocrx_word' id='word_1_241' title='bbox 916 3077 1021 3161; x_wconf 91' lang='lat' dir='ltr'><strong>pedes.</strong></span> <span class='ocrx_word' id='word_1_242' title='bbox 1060 3069 1132 3142; x_wconf 86' lang='lat' dir='ltr'><strong>Iam</strong></span> <span class='ocrx_word' id='word_1_243' title='bbox 1160 3083 1194 3144; x_wconf 89' lang='lat' dir='ltr'><strong>et</strong></span> 
     </span>
     <span class='ocr_line' id='line_1_34' title="bbox 187 3164 1194 3251; baseline 0.001 -22"><span class='ocrx_word' id='word_1_244' title='bbox 187 3164 356 3232; x_wconf 88' lang='lat' dir='ltr'><strong>Peucestes</strong></span> <span class='ocrx_word' id='word_1_245' title='bbox 374 3166 560 3232; x_wconf 90' lang='lat' dir='ltr'><strong>vulneribus</strong></span> <span class='ocrx_word' id='word_1_246' title='bbox 587 3166 636 3230; x_wconf 88' lang='lat' dir='ltr'><strong>fat</strong></span> <span class='ocrx_word' id='word_1_247' title='bbox 621 3166 744 3251; x_wconf 90' lang='lat' dir='ltr'><strong>tigatus</strong></span> <span class='ocrx_word' id='word_1_248' title='bbox 770 3165 963 3231; x_wconf 91' lang='lat' dir='ltr'><strong>submiserat</strong></span> <span class='ocrx_word' id='word_1_249' title='bbox 984 3167 1194 3250; x_wconf 90' lang='lat' dir='ltr'><strong>clipeum,in</strong></span> 
     </span>
     <span class='ocr_line' id='line_1_35' title="bbox 187 3253 1194 3339; baseline 0.002 -21"><span class='ocrx_word' id='word_1_250' title='bbox 187 3255 342 3320; x_wconf 86' lang='lat' dir='ltr'><strong>Aristono</strong></span> <span class='ocrx_word' id='word_1_251' title='bbox 368 3274 441 3338; x_wconf 90' lang='lat' dir='ltr'><strong>spes</strong></span> <span class='ocrx_word' id='word_1_252' title='bbox 464 3254 580 3318; x_wconf 79' lang='lat' dir='ltr'><strong>ultuma</strong></span> <span class='ocrx_word' id='word_1_253' title='bbox 602 3253 765 3319; x_wconf 87' lang='lat' dir='ltr'><strong>haerebat.</strong></span> <span class='ocrx_word' id='word_1_254' title='bbox 809 3253 872 3319; x_wconf 90' lang='lat' dir='ltr'><strong>Hic</strong></span> <span class='ocrx_word' id='word_1_255' title='bbox 894 3274 1020 3338; x_wconf 90' lang='lat' dir='ltr'><strong>quoque</strong></span> <span class='ocrx_word' id='word_1_256' title='bbox 1047 3255 1194 3339; x_wconf 84' lang='lat' dir='ltr'><strong>graviter</strong></span> 
     </span>
     <span class='ocr_line' id='line_1_36' title="bbox 188 3341 1191 3426; baseline 0.003 -21"><span class='ocrx_word' id='word_1_257' title='bbox 188 3341 313 3407; x_wconf 87' lang='lat' dir='ltr'><strong>saucius</strong></span> <span class='ocrx_word' id='word_1_258' title='bbox 341 3346 466 3408; x_wconf 87' lang='lat' dir='ltr'><strong>tantam</strong></span> <span class='ocrx_word' id='word_1_259' title='bbox 493 3343 559 3406; x_wconf 91' lang='lat' dir='ltr'><strong>vim</strong></span> <span class='ocrx_word' id='word_1_260' title='bbox 583 3341 726 3407; x_wconf 89' lang='lat' dir='ltr'><strong>hostium</strong></span> <span class='ocrx_word' id='word_1_261' title='bbox 753 3341 840 3406; x_wconf 90' lang='lat' dir='ltr'><strong>ultra</strong></span> <span class='ocrx_word' id='word_1_262' title='bbox 863 3341 1019 3407; x_wconf 89' lang='lat' dir='ltr'><strong>sustinere</strong></span> <span class='ocrx_word' id='word_1_263' title='bbox 1041 3363 1108 3407; x_wconf 93' lang='lat' dir='ltr'><strong>non</strong></span> <span class='ocrx_word' id='word_1_264' title='bbox 1133 3363 1191 3426; x_wconf 89' lang='lat' dir='ltr'><strong>po·</strong></span> 
     </span>
    </p>

    <p class='ocr_par' dir='ltr' id='par_1_14' title="bbox 99 3429 1193 3692">
     <span class='ocr_line' id='line_1_37' title="bbox 99 3429 1193 3514; baseline 0.003 -21"><span class='ocrx_word' id='word_1_265' title='bbox 99 3453 103 3460; x_wconf 90' lang='lat'><em>·</em></span> <span class='ocrx_word' id='word_1_266' title='bbox 137 3432 281 3494; x_wconf 82' lang='grc'><strong>1911111.</strong></span> <span class='ocrx_word' id='word_1_267' title='bbox 320 3429 410 3495; x_wconf 90' lang='lat' dir='ltr'><strong>Inter</strong></span> <span class='ocrx_word' id='word_1_268' title='bbox 430 3429 510 3494; x_wconf 87' lang='lat' dir='ltr'><strong>heac</strong></span> <span class='ocrx_word' id='word_1_269' title='bbox 532 3430 572 3494; x_wconf 91' lang='lat' dir='ltr'><strong>ad</strong></span> <span class='ocrx_word' id='word_1_270' title='bbox 590 3429 782 3495; x_wconf 88' lang='lat' dir='ltr'><strong>Macedonas</strong></span> <span class='ocrx_word' id='word_1_271' title='bbox 802 3449 912 3514; x_wconf 87' lang='lat' dir='ltr'><strong>regem</strong></span> <span class='ocrx_word' id='word_1_272' title='bbox 931 3429 1081 3495; x_wconf 88' lang='lat' dir='ltr'><strong>cecidisse</strong></span> <span class='ocrx_word' id='word_1_273' title='bbox 1103 3430 1193 3496; x_wconf 84' lang='lat' dir='ltr'><strong>fama</strong></span> 
     </span>
     <span class='ocr_line' id='line_1_38' title="bbox 188 3515 1191 3603; baseline 0.004 -23"><span class='ocrx_word' id='word_1_274' title='bbox 188 3518 313 3599; x_wconf 90' lang='lat' dir='ltr'><strong>perlata</strong></span> <span class='ocrx_word' id='word_1_275' title='bbox 344 3520 402 3582; x_wconf 90' lang='lat' dir='ltr'><strong>est.</strong></span> <span class='ocrx_word' id='word_1_276' title='bbox 455 3515 637 3580; x_wconf 80' lang='lat' dir='ltr'><strong>Terruisset</strong></span> <span class='ocrx_word' id='word_1_277' title='bbox 673 3517 767 3601; x_wconf 89' lang='lat' dir='ltr'><strong>alios,</strong></span> <span class='ocrx_word' id='word_1_278' title='bbox 803 3518 888 3603; x_wconf 92' lang='lat' dir='ltr'><strong>quod</strong></span> <span class='ocrx_word' id='word_1_279' title='bbox 923 3517 998 3583; x_wconf 86' lang='lat' dir='ltr'><strong>illos</strong></span> <span class='ocrx_word' id='word_1_280' title='bbox 1033 3518 1191 3584; x_wconf 85' lang='lat' dir='ltr'><strong>incitavit</strong></span> 
     </span>
     <span class='ocr_line' id='line_1_39' title="bbox 187 3603 1191 3692; baseline 0.004 -24"><span class='ocrx_word' id='word_1_281' title='bbox 187 3603 335 3688; x_wconf 88' lang='lat' dir='ltr'><strong>Namque</strong></span> <span class='ocrx_word' id='word_1_282' title='bbox 353 3603 486 3687; x_wconf 86' lang='lat' dir='ltr'><strong>periculi</strong></span> <span class='ocrx_word' id='word_1_283' title='bbox 504 3604 607 3667; x_wconf 91' lang='lat' dir='ltr'><strong>omnis</strong></span> <span class='ocrx_word' id='word_1_284' title='bbox 624 3603 829 3672; x_wconf 88' lang='lat' dir='ltr'><strong>immemores</strong></span> <span class='ocrx_word' id='word_1_285' title='bbox 848 3605 990 3671; x_wconf 87' lang='lat' dir='ltr'><strong>dolabris</strong></span> <span class='ocrx_word' id='word_1_286' title='bbox 1007 3606 1191 3692; x_wconf 86' lang='lat' dir='ltr'><strong>perfregere</strong></span> 
     </span>
    </p>
   </div>
   <div class='ocr_carea' id='block_1_4' title="bbox 0 0 1320 4090">
    <p class='ocr_par' dir='ltr' id='par_1_15' title="bbox 0 0 1320 4090">
     <span class='ocr_line' id='line_1_40' title="bbox 0 0 1320 4090; baseline 0 0"><span class='ocrx_word' id='word_1_287' title='bbox 0 0 1320 4090; x_wconf 95' lang='lat' dir='ltr'><strong> </strong></span> 
     </span>
    </p>
   </div>
  </div>
 </body>
</html>
