2600 4096
323 183 575 238 HISTORIARUM
591 183 805 238 AhEXANDRI
822 185 882 253 Vll,
900 190 925 237 4.
1066 185 1126 246 161

119 331 155 391 et
184 326 316 410 ingenio
343 329 377 390 et
398 327 502 392 multo
525 348 613 392 mero
636 326 726 392 ferox
751 327 830 392 adeo
854 328 987 410 exarsit,
1013 330 1050 391 nt
1072 328 1127 394 vix

121 417 164 480 ab
185 415 310 498 amicis,
329 436 391 499 quo
411 416 517 479 minus
536 416 695 480 occideret
713 437 794 498 eum,
810 451 848 462 -—
863 437 940 480 nam
954 416 1128 480 strinxerat

121 503 732 676 tuttutattttllttpttltttt
759 500 1127 660 tibtttlttt·

120 684 194 744 tum
217 680 345 763 elapsus
369 679 409 743 ad
431 679 651 744 Alexandrum
673 679 859 764 transfugit.

64 773 111 838 1‘1
211 785 274 832 vm
296 766 387 832 milia
408 767 656 832 Bactrianorum
682 767 824 832 habebat
846 771 970 832 armata
992 765 1126 832 Bessus:
1146 786 1186 834 au

122 876 215 939 quae,
234 855 384 939 quamdiu
401 859 533 938 propter
546 856 626 920 caeli
643 856 865 939 intemperiem
879 855 1006 920 Indiam
1018 857 1127 940 potius

121 943 317 1008 Macedonas
336 944 493 1027 petituros
512 943 726 1026 crediderant,
745 943 952 1008 oboedienter
969 944 1128 1028 imperata

121 1032 280 1096 fecerunt:
311 1037 482 1117 postquam
505 1032 676 1096 adventare
699 1031 917 1095 Alexandrum
939 1037 1128 1117 conpertum

122 1124 189 1202 est,
211 1120 246 1184 in
263 1141 339 1184 suos
363 1122 495 1204 quisque
516 1121 604 1185 vicos
627 1119 744 1203 dilapsi
761 1118 898 1184 Bessum
918 1119 1127 1204 reliquerunt.

122 1208 186 1272 Ille
209 1229 281 1272 cum
304 1207 469 1272 clientium
492 1229 601 1290 manu,
629 1208 683 1291 qui
710 1229 776 1271 non
798 1211 1002 1272 mutaverant
1024 1209 1127 1292 fidem,
1146 1231 1177 1279 ar

122 1295 195 1361 Oxo
216 1317 309 1360 amne
331 1298 483 1379 superato
506 1295 690 1380 exustisque
711 1295 863 1380 navigiis,
886 1296 1002 1379 quibus
1024 1298 1129 1362 trans·

121 1385 220 1467 ierat,
255 1405 296 1448 ne
334 1383 451 1448 iisdem
486 1383 591 1448 hostis
626 1387 783 1463 uteretur,
818 1405 919 1448 novas
952 1383 1062 1467 copias
1094 1386 1129 1449 in

122 1471 297 1557 Sogdianis
322 1472 540 1536 contrahebat.

212 1559 394 1624 Alexander
408 1558 585 1626 Caucasum
604 1560 741 1644 quidem,
758 1563 796 1623 ut
815 1560 1051 1643 supradictum
1070 1565 1127 1638 est,
1145 1581 1178 1631 aa
1231 1561 1233 1567 ⁴

122 1649 312 1731 transierat,
348 1647 404 1712 sed
441 1647 552 1732 inopia
587 1647 739 1713 frumenti
773 1649 925 1732 [quoque]
957 1669 1055 1731 prope
1088 1648 1128 1712 ad

122 1737 243 1800 famem
265 1738 396 1800 ventum
419 1741 496 1800 erat.
542 1733 624 1800 Suco
652 1758 691 1800 ex
715 1757 840 1800 sesama
863 1757 1013 1819 expresso
1040 1735 1127 1799 haud
1146 1757 1179 1804 aa

124 1845 218 1888 secus
241 1844 336 1907 quam
360 1824 431 1888 oleo
453 1828 542 1888 artus
563 1825 817 1909 perunguebant.
857 1822 919 1888 Sed
941 1822 1036 1888 huius
1060 1823 1128 1889 suci

123 1911 256 1977 ducenis
275 1911 489 1996 quadragenis
504 1911 641 1976 denariis
656 1912 829 1994 amphorae
848 1910 1004 1995 singulae,
1022 1912 1128 1976 mellis

123 2001 266 2064 denariis
287 2001 425 2065 trecenis
448 1999 639 2084 nonagenis,
661 2000 798 2064 trecenis
823 1999 891 2064 vini
913 1999 1129 2064 aestimaban-

122 2093 193 2153 tur:
223 2087 325 2152 tritiei
345 2087 428 2153 nihil
451 2093 507 2152 aut
530 2086 701 2152 admodum
724 2088 875 2172 exiguum
900 2088 1129 2170 reperiebatur.

124 2173 215 2241 Siros
251 2177 412 2240 vocabant
447 2175 577 2240 barbari
612 2176 738 2259 scrobes,
778 2197 857 2259 quos
898 2176 945 2238 ita
981 2176 1129 2240 sollerter
1147 2197 1182 2244 24

123 2263 339 2347 abscondunt,
375 2266 426 2348 ut,
461 2264 524 2327 nisi
562 2263 616 2347 qui
648 2263 849 2345 defoderunt,
885 2263 1028 2329 invenire
1062 2286 1130 2329 non
1249 2309 1253 2318 ·

122 2352 267 2436 possint:
302 2353 336 2416 in
367 2351 418 2416 his
450 2351 597 2416 conditae
628 2351 736 2437 fruges
770 2353 870 2418 erant.
921 2349 961 2415 In
994 2373 1129 2435 quarum

121 2440 258 2524 penuria
276 2440 395 2503 milites
414 2438 564 2529 fluviatili
587 2439 674 2523 pisce
696 2445 727 2504 et
748 2440 859 2504 herbis
882 2439 1130 2504 sustinebantur.

121 2528 258 2611 Iamque
280 2527 361 2592 haee
387 2527 458 2610 ipsa
481 2528 636 2592 alimenta
657 2527 852 2610 defecerant,
882 2548 954 2591 cum
976 2527 1129 2610 iumenta,
1148 2547 1181 2594 ae

124 2617 242 2701 quibus
274 2637 372 2680 onera
402 2615 590 2699 portabant,
621 2615 751 2680 caedere
783 2614 863 2679 iussi
894 2615 982 2677 sunt:
1013 2612 1129 2678 horum

125 2725 236 2788 earne,
264 2703 339 2768 dum
366 2703 401 2767 in
422 2701 614 2768 Bactrianos
636 2706 826 2787 perventum
850 2706 905 2784 est,
931 2703 1057 2765 traxere
1084 2702 1130 2766 vi-

1 2819 2 2862 r
68 2798 112 2863 18
125 2797 203 2857 tam.
244 2790 434 2856 Bactrianae
455 2795 560 2855 terrae
579 2791 749 2874 multiplex
771 2793 804 2855 et
824 2789 915 2854 varia
936 2793 1051 2854 natura
1071 2795 1128 2856 est
1147 2811 1184 2859 aa

124 2880 216 2945 Alibi
233 2880 337 2943 multa
355 2880 451 2944 arbor
468 2883 502 2944 et
518 2879 595 2943 vitis
616 2878 725 2962 largos
744 2879 901 2961 mitesque
919 2876 1041 2942 fructus
1061 2878 1129 2943 alit.

1 3041 2 3050 χ
125 2967 239 3034 Solum
261 2968 380 3052 pingue
403 2967 506 3031 crebri
528 2967 633 3030 fontes
652 2968 774 3051 rigant:
797 2986 878 3049 quae
896 2965 1028 3030 mitiora
1045 2969 1130 3050 sunt,

1 3053 2 3078 ³
123 3057 289 3122 frumento
313 3059 535 3138 conseruntur,
563 3058 668 3118 cetera
696 3060 913 3118 armentorum
939 3054 1057 3137 pabulo
1083 3076 1131 3118 ee·

124 3145 215 3210 dunt.
252 3142 403 3228 Magnam
428 3142 541 3208 deinde
563 3146 687 3226 partem
711 3142 853 3207 eiusdem
875 3149 980 3206 terrae
1003 3143 1128 3206 sterrles
1148 3162 1184 3211 a?

1 3243 2 3310 ζ
123 3232 267 3298 harenae
285 3234 410 3296 tenent:
434 3230 581 3315 squalida
599 3231 745 3296 siccitate
763 3231 853 3316 regio
871 3251 937 3294 non
956 3229 1130 3313 hominem,

123 3342 192 3387 non
223 3320 351 3404 frugem
379 3320 445 3384 alit.
495 3316 575 3384 (lum
601 3339 677 3384 vero
709 3319 796 3382 renti
827 3340 848 3382 a
877 3318 1016 3383 Pontico
1050 3320 1131 3382 mari

125 3409 267 3493 spirant,
295 3405 449 3492 quidquid
472 3406 578 3471 sabuli
599 3407 634 3470 in
656 3407 777 3490 campis
800 3406 896 3491 iacet,
925 3411 1130 3471 converrunt:

124 3497 212 3581 quod
241 3496 297 3561 ubi
324 3497 522 3561 cumulatum
551 3497 614 3578 est,
643 3516 833 3580 magnorum
861 3493 991 3558 collium
1018 3493 1130 3578 procul

124 3585 250 3669 speeies
265 3587 315 3649 est
329 3584 500 3668 omniaque
519 3582 647 3666 pristini
664 3583 790 3648 itineris
804 3581 943 3666 vestigia
960 3582 1129 3646 intereunt

181 3697 275 3738 omna:
288 3696 370 3737 Rufus.
939 3689 970 3736 11
