2600 4096
242 211 496 268 HISTORIARUM
513 212 727 268 ALEXANDRI
744 211 823 280 VIII,
844 218 866 269 1.
993 211 1055 275 187

68 355 234 421 instituisse
266 356 424 441 Graecos,
456 357 541 441 quod
572 357 715 440 tropaeis
746 377 857 442 regum
890 354 1058 420 dumtaxat

68 445 186 509 nomina
218 445 450 528 inscriberent,
486 446 589 510 alieno
621 445 707 509 enim
743 444 898 526 sanguiue
929 448 1057 527 partam

69 532 195 614 gloriam
217 533 376 617 intercipi.
420 532 533 618 Itaque
551 555 616 617 rex,
638 555 710 598 cum
731 534 944 616 suspicaretur
965 531 1057 595 mali·

68 621 150 702 guius
179 620 328 686 habiturn
359 643 430 687 esse
462 643 654 708 sermonem,
686 621 868 704 percontari
894 619 1057 704 proximos

68 709 169 792 coepit,
191 709 268 792 quid
291 730 329 773 ex
351 707 437 775 Clito
461 711 633 776 audissent.
677 709 722 775 Et
743 709 811 774 illis
835 708 875 773 ad
896 709 1056 772 silendum
1074 719 1109 767 33

68 796 227 861 obstinatis
251 794 357 861 Clitus
384 797 543 881 paulatim
569 799 690 863 maiore
718 818 797 863 uoce
819 796 963 880 Philippi
985 799 1058 861 acta

67 884 203 968 bellaque
230 886 265 950 in
285 884 421 950 Graecia
447 890 540 970 gesta
562 889 806 968 commemorat,
832 886 942 950 omnia
967 906 1057 968 prae·

68 974 199 1037 sentibus
215 973 410 1056 praeferens.
445 974 530 1039 Hinc
548 975 633 1038 inter
651 975 792 1039 iuniores
811 994 964 1057 senesque
983 977 1056 1037 orta
1075 985 1108 1033 31

68 1061 219 1126 contentio
251 1067 313 1125 est:
345 1068 378 1126 et
407 1083 479 1144 rex,
510 1063 599 1127 velut
625 1064 786 1146 patienter
817 1060 953 1145 audiret,
986 1062 1058 1144 quis

68 1145 160 1213 Clitus
174 1149 344 1214 obterebat
362 1149 472 1214 laudes
491 1150 569 1234 eins,
586 1152 750 1236 ingentem
764 1150 845 1213 iram
860 1153 1059 1233 conceperat.

69 1233 204 1301 Ceterum
231 1259 303 1302 cum
331 1239 438 1303 animo
465 1238 627 1303 videretur
652 1239 877 1320 imperaturus,
905 1238 933 1301 si
960 1237 1058 1301 finem
1076 1250 1109 1298 32

68 1326 234 1406 procaciter
257 1331 328 1391 orto
352 1327 491 1390 sermoni
515 1325 620 1392 Clitus
643 1328 820 1410 inponeret,
842 1325 926 1389 nihil
949 1347 986 1389 eo
1009 1347 1057 1389 re-

68 1412 206 1478 mittente
234 1414 338 1498 magis
366 1416 624 1497 exasperabatur.
668 1414 800 1498 Iamque
828 1411 930 1478 Clitus
958 1415 1056 1477 etiam
1075 1425 1108 1473 33

68 1498 300 1566 Parmenionem
323 1502 490 1567 defendere
513 1504 653 1568 audebat
675 1507 708 1567 et
728 1502 873 1585 Philippi
895 1502 934 1566 de
956 1500 1056 1565 Athe-

67 1588 220 1654 uiensibus
236 1590 405 1655 victoriam
424 1590 608 1656 Thebarum
625 1591 828 1674 praeferebat
843 1589 974 1672 excidio,
992 1610 1058 1653 uon

68 1676 133 1742 rino
157 1678 266 1760 modo,
297 1679 352 1743 sed
379 1677 478 1743 etiam
504 1681 604 1743 animi
630 1701 732 1762 prava
759 1679 962 1743 contentione
984 1698 1057 1760 pro·

68 1769 174 1832 rectus.
209 1764 262 1830 ad
279 1767 443 1851 ultimum,
465 1763 513 1832 ‘si
529 1766 751 1850 moriendum’,
773 1768 890 1849 inquit,
913 1765 975 1830 ‘est
996 1786 1055 1848 pro
1076 1777 1110 1824 34

69 1857 103 1933 te,
120 1851 219 1918 clitus
239 1858 289 1918 est
306 1855 443 1937 primus:
466 1861 501 1919 at
522 1877 595 1920 oum
615 1855 769 1920 victoriae
788 1854 958 1918 arbitrium
977 1854 1058 1938 agis,

69 1943 262 2027 praecipuum
285 1943 392 2007 ferunt
414 1943 606 2027 praemium,
630 1944 685 2026 qui
708 1942 932 2027 procacissime
954 1942 1057 2024 patris

68 2029 109 2092 tui
128 2031 299 2096 memoriae
318 2030 475 2096 inludunt.
517 2030 712 2116 Sogdianam
730 2031 894 2115 regionem
911 2030 993 2094 mihi
1011 2033 1058 2094 at·
1076 2043 1110 2090 ³5

69 2117 183 2198 tribuis,
205 2119 327 2183 totiens
349 2119 503 2183 rebellem
526 2126 559 2184 et
579 2142 645 2185 nou
665 2120 761 2186 modo
779 2119 980 2202 indomitam,
1002 2120 1058 2184 sed

69 2225 138 2286 quae
154 2229 193 2271 ue
212 2207 319 2292 subigi
338 2207 466 2291 quidem
483 2209 596 2290 possit.
635 2207 750 2273 Mittor
773 2208 814 2272 ad
831 2207 916 2273 feras
935 2207 1057 2272 bestias

68 2294 247 2378 praecipitia
262 2295 393 2378 ingenia
410 2297 550 2361 sortitas.
581 2294 653 2374 Sed,
670 2317 751 2380 quae
770 2295 810 2360 ad
824 2318 875 2360 me
888 2297 1059 2380 pertinent,

69 2385 194 2448 transeo.
247 2382 391 2467 Philippi
422 2384 543 2448 milites
576 2385 716 2469 spernis,
747 2385 882 2467 oblitus,
911 2384 974 2448 nisi
1005 2383 1058 2448 hic
1076 2397 1110 2444 36

69 2469 226 2536 Atharrias
257 2493 356 2536 senex
385 2471 527 2537 iuniores
557 2494 699 2557 pugnam
727 2474 940 2537 detrectantes
968 2491 1056 2534 revo-

69 2563 170 2643 casset,
192 2559 297 2625 adhuc
313 2581 372 2624 nos
391 2560 475 2625 circa
492 2559 754 2625 Halicarnassum
776 2560 930 2624 haesuros
948 2557 1058 2622 fuisse.

70 2641 223 2718 Quomodo
236 2646 336 2732 igitur
348 2648 461 2712 Asiam
476 2649 575 2713 etiam
588 2670 661 2714 cum
674 2649 747 2713 istis
760 2646 938 2711 iunioribus
953 2645 1058 2709 subie·
1076 2658 1109 2706 37

69 2732 151 2799 cisti?
195 2733 404 2820 Verumest,
429 2742 466 2801 ut
488 2737 616 2820 opinor,
643 2735 727 2820 quod
751 2733 942 2799 avunculum
965 2737 1057 2797 tuum

69 2819 207 2887 iuItalia
230 2823 347 2888 dixisse
371 2828 511 2905 constat,
538 2825 643 2907 ipsum
670 2825 704 2886 in
726 2823 812 2887 viros
834 2821 1000 2902 incidisse,
1025 2826 1057 2886 te

43 2903 94 2970 tin
113 2910 266 2976 feminas?
311 2911 401 2976 Nihil
429 2934 467 2977 ex
494 2913 641 2977 omnibus
667 2910 846 2976 inconsulte
874 2931 912 2974 ac
938 2914 1058 2974 temere
1076 2923 1111 2970 33

68 2994 149 3064 iactis
176 3020 285 3085 regem
308 3001 413 3085 magis
436 3003 593 3080 moverat,
620 3021 717 3083 quam
739 2998 962 3063 Parmenionis
986 3020 1058 3062 oum

67 3081 176 3152 honore
208 3088 328 3154 mentio
361 3089 471 3154 inlata.
519 3087 674 3152 Dolorem
704 3091 816 3151 tamen
846 3108 901 3151 rex
930 3087 1058 3169 pressit,

68 3179 224 3241 contentus
251 3176 396 3261 iussisse,
423 3182 461 3240 ut
487 3177 632 3241 convivio
660 3175 835 3240 excederet.
878 3171 949 3238 Nec
971 3175 1057 3258 quic-
1076 3186 1110 3234 33

68 3279 151 3341 quam
174 3265 262 3329 aliud
284 3265 402 3330 adiecit
424 3286 520 3348 quam
542 3264 678 3328 forsitan
700 3284 785 3347 eum,
813 3264 841 3327 si
869 3262 989 3326 diutius
1012 3262 1058 3328 lo·

69 3353 146 3416 cutus
167 3353 262 3436 foret,
285 3355 551 3436 exprobraturum
575 3351 639 3416 sibi
660 3350 758 3416 fuisse
784 3351 883 3416 vitam
907 3372 929 3414 a
945 3355 1059 3416 semet·

68 3433 127 3516 ipso
149 3440 271 3506 datam:
295 3441 358 3506 hoc
381 3441 466 3506 enim
490 3441 625 3524 superbe
649 3461 743 3523 saepe
766 3440 911 3504 iactasse.
951 3439 1058 3523 Atque
1077 3451 1110 3499 40

68 3521 148 3592 illum
166 3533 371 3594 cunctantem
391 3529 493 3594 adhuc
507 3548 647 3613 surgere,
670 3528 726 3612 qui
738 3526 877 3611 proximi
895 3526 924 3590 ei
943 3527 1057 3591 cubue-

67 3619 142 3700 rant,
170 3617 298 3682 iniectis
330 3618 480 3683 manibus
513 3617 679 3699 iurgantes
711 3618 940 3699 monentesque
965 3636 1058 3679 cona·
