2582 4098
213 179 254 243 72
581 181 613 246 Q.
632 179 742 234 GURTI
759 180 847 234 RUFI

210 325 374 408 pulsamus
405 325 550 389 inlatum.
604 323 766 389 Iactamur
796 324 933 389 invicem
963 326 1126 390 varietate
1164 326 1225 392 for-

209 416 315 478 tunae.
359 412 517 478 Videlicet
546 413 730 496 imperium,
762 413 836 498 quia
867 415 979 478 mutuo
1009 414 1225 496 adfectamus,

154 521 192 570 aa
210 523 275 566 une
297 521 376 586 gens
399 522 466 565 non
488 500 581 582 capit.
626 498 782 584 Ceterum,
807 500 933 565 etiamsi
956 522 1028 586 spes
1050 523 1129 567 non
1155 501 1257 567 sub-ii

211 594 308 674 esset,
329 588 502 652 necessitas
524 590 633 652 tamen
656 589 818 653 stimulare
841 589 982 653 deberet:
1009 589 1050 654 ad
1074 594 1227 656 extrema

210 681 398 761 perventum
421 679 477 740 est.
521 676 659 740 Matrem
680 698 795 761 meam,
817 683 893 741 duas
916 677 1007 760 filias,
1033 677 1174 744 Ochum
1195 680 1226 743 in

211 787 300 848 spem
322 764 417 828 huius
439 765 565 848 imperii
587 765 744 848 genitum,
766 765 935 849 principue,
957 765 1046 830 illam
1069 768 1227 831 subolem

210 854 316 936 regiae
353 852 474 936 stirpis,
510 853 605 917 duces
640 856 763 918 vestros
798 874 926 917 reorum
955 854 1059 917 instar
1092 856 1226 920 vinctos

210 940 321 1004 habet:
353 941 416 1004 nisi
444 941 519 1025 quid
546 942 581 1004 in
607 941 698 1005 vobis
726 941 796 1025 opis
824 944 884 1025 est,
916 960 976 1025 ego
1003 943 1134 1007 maiore
1163 943 1226 1007 mei

210 1031 302 1110 parte
329 1029 472 1111 captivus
498 1051 578 1094 sum.
622 1028 746 1112 Eripite
768 1029 890 1094 viscera
910 1051 982 1094 mea
1004 1051 1042 1093 ex
1065 1032 1227 1095 vinculis:

210 1116 368 1180 restituite
391 1117 469 1180 mihi
491 1117 641 1203 pignora,
667 1138 725 1201 pro
749 1117 864 1201 quibus
886 1117 949 1200 ipsi
971 1117 1054 1181 mori
1074 1140 1157 1184 non
1179 1140 1225 1183 re

211 1204 343 1288 cueatis,
365 1209 539 1306 parentem,
561 1206 692 1270 liberos:
721 1226 797 1269 nam
820 1205 988 1290 coniugem
1010 1205 1045 1269 in
1067 1206 1133 1272 illo
1161 1228 1226 1271 car·

158 1311 193 1360 2³
212 1312 281 1356 cere
310 1294 411 1357 amisi.
456 1292 582 1359 Credite
608 1313 694 1357 nune
721 1313 831 1357 omnes
857 1293 1069 1358 hostendere
1093 1295 1144 1359 ad
1168 1316 1224 1360 ros
1268 1315 1269 1400 ι

211 1401 325 1445 manus
330 1382 522 1465 ,inplorare
544 1383 666 1466 patrios
690 1380 778 1465 deos,
802 1403 895 1465 opem
917 1385 1069 1465 vestam,
1091 1383 1225 1448 miseri·
1268 1405 1269 1408 ¹

211 1432 365 1554 cordiarii,
394 1469 491 1533 fidem
508 1490 703 1571 exposcere,
734 1472 772 1534 ut
802 1469 1088 1553 compedibus,ut
1123 1471 1224 1535 eervi-
1268 1443 1269 1522 l

209 1559 292 1644 tute,
327 1520 365 1623 ut
394 1558 536 1641 precario
567 1557 693 1621 victu
684 1578 772 1640 ipsos
803 1557 953 1622 liberetis.
1001 1557 1057 1622 An
1085 1558 1224 1623 creditis

210 1607 311 1729 aeqdo
335 1644 442 1709 animo
464 1645 504 1709 iis
523 1645 648 1728 servire,
671 1666 805 1746 quorum
823 1665 914 1730 reges
932 1667 1002 1710 esee
1021 1645 1223 1711 fastidiunt?

158 1753 192 1801 24
210 1732 313 1799 Video
341 1733 502 1798 admoveri
523 1695 664 1798 hostiuin
687 1734 800 1797 aciem:
834 1733 889 1798 scd
912 1755 975 1818 quo
997 1734 1135 1817 propius
1161 1735 1223 1798 die-

210 1823 329 1886 crimen
351 1821 479 1904 acced0,
500 1821 562 1886 hoc
583 1821 690 1886 minus
712 1821 761 1904 iis,
786 1842 866 1905 quae
889 1821 954 1884 dixi
958 1843 1125 1905 ,possum
1152 1842 1221 1886 esse

210 1913 389 1974 e.ontentus
433 1909 495 1974 Per
530 1931 590 1996 ego
626 1931 683 1974 vos
720 1909 796 1974 deos
831 1909 953 1992 patrios
986 1913 1221 1994 aeternumque

210 1997 327 2080 ignem,
351 2019 404 2081 qur
395 1997 599 2080 praefertur
617 1997 779 2080 altaribus,
801 1995 1020 2081 fulgoremque
1038 1998 1115 2062 solis
1132 1999 1222 2062 intra

209 2083 290 2147 fines
326 2084 418 2183 regni
453 2085 516 2148 mei
551 2085 701 2169 orientis,
736 2106 793 2168 per
830 2088 991 2148 aeternam
1027 2087 1220 2150 memoriam

211 2168 295 2271 βιιι,
318 2172 372 2254 qui
396 2170 579 2255 ademptum
600 2172 702 2237 Medis
720 2171 910 2256 Lydisque
900 2172 1069 2256 imperium
1091 2174 1220 2256 primus

210 2258 246 2322 in
267 2257 429 2322 Persidem
450 2259 573 2324 intulit:
599 2260 757 2324 vindicate
785 2261 826 2325 ab
847 2259 961 2324 ultimo
984 2260 1137 2325 dedecore
1162 2283 1219 2326 no-
1269 2307 1270 2326 ι

158 2366 192 2415 ae
210 2366 285 2410 men
321 2350 511 2432 gentemque
542 2346 721 2412 Persarum.
773 2347 822 2413 Ite
859 2348 979 2412 alacres
1015 2352 1047 2412 et
1084 2349 1219 2432 spiritus

210 2435 305 2518 pleni,
328 2439 372 2519 ut,
396 2457 490 2519 quam
513 2436 650 2521 gloriam
668 2436 833 2519 accepistis
857 2458 876 2500 a
897 2436 1071 2501 maioribus
1090 2437 1218 2519 vestris,

209 2525 346 2608 posteris
368 2524 563 2609 relinquatis.
597 2524 638 2589 In
659 2524 777 2588 dextris
799 2523 914 2588 vestris
937 2524 1002 2588 iam
1024 2525 1217 2606 libertatem,

211 2635 316 2697 opem,
344 2635 433 2697 spem
460 2612 560 2678 futuri
585 2613 737 2697 temporis
760 2612 880 2697 geritis.
923 2610 1047 2696 Effugit
1069 2617 1216 2694 mortem,

210 2702 352 2784 quisquis
380 2701 619 2786 contempserit:
655 2700 894 2765 timidissimum
921 2721 1077 2785 quemque
1105 2721 1215 2766 conse-

155 2808 191 2857 ae
211 2789 326 2871 quitur.
370 2788 443 2873 Ipse
474 2812 541 2855 non
570 2790 675 2873 patrio
707 2809 794 2853 more
822 2788 940 2872 solum,
972 2787 1027 2852 sed
1054 2788 1153 2853 etiam
1179 2790 1215 2852 ut

209 2876 350 2958 conspici
376 2878 509 2962 possim,
540 2899 633 2942 curru
659 2877 757 2941 vehor
782 2897 841 2940 nec
862 2897 987 2959 recuso,
1020 2877 1213 2960 quominus

208 2963 379 3027 imitemini
407 2985 470 3048 me,
502 2965 567 3030 sive
596 2964 794 3034 fortitudinis
821 2964 1001 3047 exemplum
1028 2964 1094 3029 sive
1123 2965 1212 3049 igne

209 3051 280 3115 viae
302 3050 423 3116 fuerol'

626 3208 705 3278 Osa
726 3208 797 3276 XV.

175 3339 189 3385 1
296 3314 429 3380 Interim
451 3314 645 3398 Alexander,
676 3319 713 3380 ut
738 3319 771 3380 et
793 3316 1045 3380 demonstratum
1067 3337 1087 3380 a
1108 3305 1251 3378 trans-56

208 3404 285 3488 fuga
307 3405 493 3467 insidiarum
516 3405 621 3468 locum
643 3404 823 3469 circumiret
846 3408 878 3468 et
900 3403 1014 3486 Dareo,
1038 3402 1092 3487 qui
1115 3423 1209 3467 cornu

207 3494 370 3575 tuebatur,
400 3495 590 3575 occurreret,
619 3513 735 3576 agmen
762 3494 926 3576 obliquum
948 3491 1092 3556 incedere
1115 3491 1208 3555 iubet

173 3602 189 3649 ι
208 3579 333 3645 Dareus
356 3603 481 3666 quoque
505 3581 615 3646 eodem
639 3602 732 3645 suum
755 3581 894 3645 obvertit
916 3579 1016 3644 Besso
1039 3579 1208 3660 admonitu,
