2602 4094
259 195 511 251 HISTORIARUM
528 196 742 251 ALEXANDRI
760 197 847 266 VIIII,
866 205 891 256 4.
1017 200 1081 264 237

69 345 206 426 poterat
237 341 370 406 admota
400 344 463 424 est,
493 344 531 405 ut
561 341 691 426 fluctus,
726 343 782 426 qui
814 364 848 406 se
879 342 1083 428 invehebant,

72 430 348 496 everberarentur.
396 427 491 493 Findi
523 429 667 495 crederes
700 430 800 495 undas
828 435 861 494 et
892 435 979 496 retro
1011 453 1083 516 gur-
1103 445 1136 493 14

72 520 163 620 gites
186 518 304 582 cedere.
345 515 468 592 Quibus
490 517 622 582 tandem
643 521 736 583 naris
755 522 867 602 erepta
887 540 953 584 non
975 522 1084 586 tamen

71 609 168 691 ripae
199 605 391 689 adplicatur,
423 604 515 670 sed
505 627 540 668 m
571 606 754 689 proximum
781 606 899 672 vadum
928 608 1084 674 inliditur.

72 693 160 760 Cum
192 693 278 759 amni
309 693 431 758 bellum
461 691 562 758 fuisse
593 695 748 761 crederes.
801 695 891 780 Ergo
928 697 993 761 aris
1024 720 1083 781 pro

71 803 210 848 numero
236 781 407 847 fluminum
432 781 549 865 positis
572 782 789 869 sacrificioque
810 785 898 849 facto
921 803 994 850 xxx
1020 790 1084 850 sta-

72 873 133 936 dia
155 871 321 954 processit.

22 963 62 1026 16
166 958 250 1023 Inde·
264 963 397 1023 ventum
421 958 528 1022 estin
550 959 714 1042 regionem
734 956 947 1026 Sudracarum
970 961 1136 1028 Mallo-15

72 1069 229 1150 rumque,
239 1069 327 1148 ,quos
346 1047 427 1110 alias
444 1046 565 1111 bellare
583 1048 668 1111 inter
683 1068 717 1112 se
732 1048 847 1113 solitos
860 1054 938 1113 tunc
950 1051 1086 1135 periculi

75 1135 246 1202 societas
236 1137 392 1199 iunxerat
427 1134 616 1218 Nonaginta
638 1134 764 1198 milia
753 1135 917 1201 iuniorum
941 1138 1085 1220 peditum

73 1227 111 1289 in
135 1224 235 1288 armis
258 1227 350 1287 erant
355 1226 513 1307 ,praeter
531 1223 592 1288 bos
616 1223 761 1307 equitum
782 1241 807 1288 x
829 1225 921 1288 milia
942 1247 1085 1312 nongen-

73 1317 196 1396 taeque
214 1311 398 1397 quadrigae.
438 1312 485 1376 At
501 1309 702 1396 Macedones,
721 1313 776 1396 qni
793 1312 883 1383 omni
901 1313 1085 1380 discrimine
1105 1327 1137 1374 ιο

74 1403 145 1466 iam
165 1398 333 1464 defunctos
352 1421 386 1464 se
405 1421 475 1463 csse
494 1399 693 1464 crediderant
698 1401 931 1485 ,postquam
921 1404 1084 1486 integrum

74 1489 204 1554 bellum
240 1509 312 1552 cum
347 1487 554 1552 ferocissimis
587 1487 699 1552 Indiae
735 1489 887 1572 gentibus
919 1511 1085 1574 superesse

75 1579 313 1662 cognoverunt,
344 1576 507 1660 inproviso
537 1580 625 1640 metu
651 1576 758 1640 territi
784 1599 894 1642 rursus
922 1577 1085 1642 seditiosis

75 1666 214 1731 vocibus
231 1684 341 1750 regem
359 1665 523 1746 increpare
541 1669 728 1747 coeperunt:
749 1663 885 1749 Gangen
903 1687 1030 1730 amnem
1044 1670 1085 1749 et,
1105 1678 1137 1727 ιι

76 1775 162 1838 qnae
188 1752 276 1817 ultra
303 1756 427 1835 essent,
456 1754 604 1816 coactum
625 1753 859 1837 transmittere,
885 1758 1086 1818 nontamen

76 1841 206 1924 finisse,
237 1841 293 1905 sed
324 1843 465 1904 mutasse
496 1840 626 1904 bellum.
670 1839 841 1906 Indomitis
873 1842 1023 1927 gentibus
1051 1863 1085 1906 se

78 1930 234 2012 obiectos,
251 1933 288 1993 ut
305 1929 462 2013 sanguine
481 1949 539 1992 suo
558 1927 719 2011 aperirent
736 1930 765 1992 ei
785 1929 954 1995 Oceanum.
985 1930 1086 1995 Trahi
1105 1941 1138 1991 18

78 2022 173 2082 extra
196 2017 300 2082 sidera
323 2019 356 2082 et
382 2017 483 2081 solem
506 2016 641 2100 cogique
664 2016 764 2101 adire,
794 2039 875 2101 quae
901 2019 1087 2083 mortalium

78 2105 182 2172 oculis
200 2107 317 2171 natura
336 2104 532 2169 subduxerit.
562 2102 663 2168 Novis
681 2104 856 2169 identidem
872 2106 971 2171 armis
984 2129 1087 2172 novos

77 2195 193 2260 hostes
208 2193 291 2258 exist
277 2197 354 2258 t.ere
378 2191 464 2268 Quos
478 2197 515 2256 ut
529 2214 639 2257 omnes
652 2192 791 2258 fundant
803 2193 989 2280 fugeritque,
1003 2195 1088 2280 quod

77 2281 261 2367 praemium
291 2282 381 2364 ipsos
412 2280 563 2345 manere?
601 2281 774 2366 caliginem
805 2303 843 2346 ac
874 2284 1023 2348 tenebras
1055 2287 1088 2347 et

78 2375 270 2472 perpetuam
283 2372 410 2434 noctem
426 2368 585 2452 profundo
598 2369 754 2434 incubant
740 2375 807 2436 tem
820 2372 911 2453 mari,
928 2372 1088 2454 repletum

78 2458 272 2523 immanium
285 2457 452 2522 beluarum
470 2457 624 2610 gretgibus
643 2457 770 2542 fretum,
788 2459 962 2530 inmobiles
976 2459 1107 2541 undas,

78 2546 596 2698 indquqliiqptsunqmorilpnstnpmura
623 2507 782 2610 defecerit.
809 2545 899 2696 fiiRex
927 2556 1139 2697 qqn,sua,19

80 2657 115 2699 sc
345 2655 381 2698 so
409 2655 451 2698 ιοι
466 2655 487 2697 u
546 2655 563 2698 e
599 2633 713 2697 anxius
749 2654 808 2697 con
836 2653 895 2696 one
972 2636 1088 2697 vocata

80 2723 189 2806 docet,
226 2721 363 2786 inbelles
400 2743 484 2803 esee,
519 2743 600 2806 quos
640 2724 793 2786 metuant.
846 2719 938 2786 Nihil
974 2721 1088 2786 deinde

80 2814 210 2894 praetor
231 2810 291 2874 has
315 2813 428 2894 gentes
447 2810 589 2893 obstare,
613 2808 783 2893 quominus
805 2812 966 2872 terrarum
982 2810 1088 2892 spatia

82 2898 205 2963 emensi
228 2897 269 2962 ad
288 2898 385 2963 finem
407 2898 504 2962 simul
527 2898 638 2961 mundi
659 2896 870 2980 laborumque
891 2897 1088 2980 perveniant

81 2985 226 3052 Oeesisso
248 3006 280 3051 sc
305 2987 371 3050 illis
394 2986 611 3050 metuentibus
635 2983 769 3068 Gangen
792 2989 826 3048 et
848 2985 1088 3050 multitudinem
1106 2995 1140 3044 ιο

80 3074 265 3158 nationum,
292 3096 373 3158 quae
400 3075 486 3138 ultra
519 3094 646 3138 amnem
678 3075 796 3138 essent:
824 3072 1000 3138 declinasse
1027 3073 1088 3136 iter

82 3185 130 3247 eo,
153 3162 210 3227 ubi
232 3183 291 3245 par
314 3162 431 3246 gloria,
458 3161 564 3227 minus
591 3161 767 3245 periculum
788 3165 883 3226 esset
922 3160 993 3226 Iam
1015 3183 1088 3245 pro·
1106 3172 1139 3220 ιι

82 3253 206 3335 spicere
243 3272 278 3316 se
306 3249 481 3333 Oceanum,
516 3250 581 3314 iam
618 3249 753 3334 perflare
784 3250 825 3314 ad
856 3249 945 3332 ipsos
977 3271 1088 3313 auram

83 3339 194 3404 maris.
223 3337 275 3403 Ne
293 3339 474 3403 inviderent
491 3338 554 3402 sibi
572 3336 709 3421 laudem,
733 3359 828 3421 quam
845 3340 976 3420 peteret.
1008 3336 1088 3402 Her·

82 3427 163 3493 culis
187 3429 220 3491 et
242 3426 349 3491 Liberi
371 3425 478 3491 Patris
504 3427 660 3491 terminos
686 3427 882 3490 transituros
904 3425 994 3509 illos,
1020 3426 1090 3508 regi

82 3537 142 3580 suo
176 3537 276 3599 parvo
308 3515 460 3598 inpendio
496 3513 777 3579 immortalitatem
810 3513 916 3578 famae
948 3513 1089 3577 daturos.

82 3603 276 3668 Paterentur
298 3624 332 3668 se
355 3625 392 3667 ex
415 3601 510 3667 India
531 3602 648 3687 redire,
672 3625 736 3668 non
758 3602 877 3686 fugere.
