2582 4098
245 207 288 272 92
614 205 645 273 Q.
665 205 775 262 GURTI
791 205 879 262 sort

246 373 376 438 agmenr
407 352 459 417 sin
486 355 593 416 autem
617 350 686 434 ipse
716 350 843 416 hostem
872 349 1039 415 fefellisset
1068 353 1109 414 et
1139 352 1242 416 salton

245 444 445 525 occupasset,
475 461 548 504 oum
578 439 807 522 trepidantium
834 438 1043 503 barbarorum
1073 439 1243 502 tumultun

245 529 438 611 exaudisset,
465 547 657 611 persequens
683 530 753 591 tum
774 547 883 611 regem
905 526 969 590 id
959 547 1067 609 rpsum
1093 527 1173 610 iter,
1194 548 1242 610 quc

245 617 347 700 pridie
369 615 612 699 pusillorum,
635 636 677 679 ne
700 614 861 679 dubitaret
881 613 1020 698 ingredi·
1052 615 1184 698 quippe
1204 635 1244 676 ιι-

194 724 226 773 ιι
245 725 340 769 cuum
356 703 425 768 fore
442 665 616 767 hostibus
606 723 642 766 m
660 706 761 767 semet
777 702 906 767 aversis.
936 701 1009 785 Ipse
1026 702 1135 766 tertia
1149 689 1265 786 vigiliali

246 789 355 856 silenti
383 790 510 875 agmine
538 811 574 855 ac
598 810 640 854 ne
666 791 745 854 tuba
771 789 976 873 quidemt
921 789 996 854 dato
977 789 1130 874 osigno
1154 790 1245 873 pergit

247 878 287 943 ad
310 878 561 942 demonstratum
582 878 644 943 iter
664 877 805 942 callium.
827 877 925 941 tridui
948 877 1110 941 alimenta
1129 880 1244 962 portare

195 986 228 1036 ιι
246 965 381 1030 militem
403 967 540 1030 iusserat
561 967 673 1030 leviter
695 969 862 1030 armatum.
907 963 968 1030 Sed
992 968 1133 1048 praeter
1156 966 1245 1028 invias

246 1075 342 1137 rupes
369 1075 406 1118 ac
427 1057 599 1138 praerupta
621 1074 711 1138 saxa,
740 1053 912 1138 vestigium
934 1052 1069 1117 subinde
1095 1053 1244 1134 fallentia,

245 1141 301 1205 nix
318 1142 479 1206 cumulata
495 1145 591 1207 vento
606 1141 821 1225 ingredientes
833 1141 1005 1226 fatigabat:
1027 1140 1160 1226 quippe
1173 1141 1245 1204 velut

245 1228 282 1293 in
312 1227 420 1294 foveas
452 1230 550 1294 delati
574 1229 805 1293 hauriebantur
832 1232 878 1313 st,
909 1249 981 1293 cum
1008 1249 1028 1291 a
1056 1229 1267 1293 commilito·
1266 1253 1267 1264 ¹

245 1316 340 1381 nibus
362 1317 593 1402 adlevarentur,
613 1317 787 1381 trahebant
808 1317 911 1400 magis
930 1315 1137 1401 adiuvantes,
1162 1337 1245 1400 quan

195 1423 228 1474 ιι
248 1405 471 1489 sequebantur.
505 1403 579 1470 Nox
601 1426 726 1488 quoque
751 1407 785 1468 et
808 1404 922 1488 ignota
943 1403 1032 1487 regio
1056 1425 1097 1468 ao
1124 1367 1244 1469 dux-

246 1492 403 1558 incertum
430 1515 472 1557 an
498 1493 576 1556 satis
602 1492 749 1556 fidus-
772 1491 1030 1575 multiplicabant
1052 1495 1198 1557 metum:
1225 1491 1268 1554 si

247 1581 393 1647 custodes
415 1580 581 1645 fefellisset
580 1580 702 1663 ,quasi
723 1579 808 1644 ieras
829 1579 978 1644 bestias'
968 1600 1057 1663 rpsos
1079 1601 1186 1680 posse
1205 1578 1244 1642 de

246 1668 408 1752 prehendi
452 1665 503 1732 Ex
528 1667 624 1731 unius
651 1667 769 1750 captivi
794 1668 846 1731 vel
871 1667 932 1732 fide
959 1667 1010 1730 vel
1037 1666 1153 1732 anima
1181 1688 1243 1766 pen·

194 1775 229 1825 ao
247 1756 320 1820 dere
351 1760 384 1820 et
414 1756 499 1840 regis
530 1756 615 1820 salut
601 1758 667 1819 tem
697 1758 730 1818 et
756 1776 855 1819 suam.
899 1753 1042 1818 Tandem
1070 1775 1197 1820 venere
1219 1754 1244 1816 ιι

246 1844 367 1928 iugum.
410 1842 441 1907 A
468 1843 579 1908 dextra
607 1843 670 1907 iter
701 1842 782 1906 ad
772 1863 878 1926 rpsum
904 1842 1152 1907 Ariobarzanen
1179 1844 1243 1907 erat

247 1930 310 1995 Hic
335 1930 557 1995 Philotamt
525 1934 557 1995 et
583 1928 714 1995 Coenon
748 1951 820 1994 cum
850 1928 995 2012 Amynta
1031 1932 1064 1993 ιι
1093 1929 1243 2016 Polyper·

249 2021 356 2102 conte,
378 2019 557 2100 expeditam
577 2018 734 2082 habentes
756 2039 895 2102 manum,
915 2016 1076 2101 relinquit,
1098 2018 1242 2096 monitos,

248 2106 298 2186 ut,
320 2104 394 2187 quia
417 2109 449 2169 et
470 2126 566 2189 eques
588 2106 689 2188 pediti
709 2105 771 2169 iret
792 2105 911 2169 mixtus
933 2107 966 2168 ιι
988 2126 1084 2188 quam
1103 2105 1242 2190 pinguis¹

249 2191 365 2255 simum
391 2195 476 2255 esset
502 2192 606 2256 solum
627 2195 660 2255 et
682 2193 791 2276 pabuli
812 2191 930 2275 fertile,
957 2193 1078 2258 sensim
1099 2192 1241 2275 procede

196 2298 229 2347 ιι
248 2282 333 2343 rent:
361 2277 457 2343 duces
480 2282 572 2343 erant
597 2279 721 2345 itineris
745 2280 783 2345 de
805 2279 939 2363 captivis
962 2279 1038 2345 dati.
1081 2278 1161 2364 Ipse
1184 2297 1242 2346 cun

249 2366 414 2451 armigeris
438 2370 470 2431 et
491 2367 556 2451 ala,
582 2388 679 2451 quam
701 2388 814 2453 agema
835 2367 1053 2451 appellabant,
1078 2368 1185 2434 ardua
1205 2387 1241 2431 se

248 2455 336 2540 mita,
359 2455 415 2520 sed
436 2455 565 2540 lougius
588 2477 607 2519 a
630 2455 821 2521 stationibus
842 2454 986 2519 hostium
1007 2459 1133 2520 remota
1151 2456 1242 2520 mults

195 2563 230 2613 ιι
249 2565 321 2609 cum
347 2544 514 2609 vexatione
536 2545 701 2627 processit.
736 2543 859 2607 Medius
881 2546 950 2607 erat
968 2542 1034 2606 dies
1053 2545 1087 2608 et
1104 2541 1242 2629 fatigatis

246 2631 429 2697 necessaria
451 2632 555 2717 quies:
578 2631 696 2716 quippe
718 2631 908 2696 tantundem
929 2629 1055 2694 itineris
1075 2631 1241 2715 supererat,

249 2723 404 2802 quantum
434 2719 554 2784 emensi
585 2723 689 2801 erant,
721 2718 776 2783 sed
806 2718 912 2782 minus
942 2717 1127 2802 praecipitis
1155 2723 1242 2801 atque

195 2827 229 2875 ae
249 2806 348 2869 ardui
382 2805 495 2908 Itaque
513 2805 639 2872 refectis
658 2767 728 2872 cibo
748 2827 923 2891 somnoque
940 2806 1096 2870 militibus
1111 2803 1241 2871 secunda

251 2893 360 2977 vigilia
383 2895 494 2978 surgit.
471 2893 660 2958 ιιΕι
609 2897 660 2959 ιιι
661 2915 715 2958 era
737 2894 878 2995 quidem·
884 2892 971 2957 haud
993 2912 1087 2977 aegre
1109 2897 1241 2978 praeter-

247 2980 292 3045 ιι·
333 2984 483 3065 ceterum,
519 3003 602 3084 qua·
613 3003 646 3046 se
681 2981 878 3047 montium
869 3001 980 3066 rugum
1015 2980 1174 3063 paulatim
1207 2976 1240 3042 ad

247 3066 395 3150 planiora
418 3068 602 3133 demittit
560 3090 707 3154 ,ingens
728 3089 849 3154 vorago
872 3089 1027 3133 concursu
1049 3071 1164 3134 cavata
1184 3071 1240 3130 tor

196 3177 230 3226 as
248 3156 387 3219 rentium
417 3155 480 3220 iter
509 3161 647 3240 ruperat.
625 3156 751 3222 tAd
779 3157 842 3221 hoc
873 3156 1023 3221 arborum
1055 3157 1137 3220 rami
1167 3155 1238 3219 alius

248 3243 311 3307 alio
337 3243 482 3327 inplicati
509 3247 542 3308 et
567 3244 773 3310 cohaerentes
799 3248 837 3309 ut
857 3248 1044 3328 perpetuam
1066 3241 1239 3309 obiecerant

248 3351 384 3432 saepem.
429 3330 616 3414 Desperatio
638 3333 739 3417 igitur
759 3333 887 3417 ingens,
914 3331 993 3397 adeo
1019 3335 1057 3396 ut
1081 3331 1135 3397 vix
1155 3328 1236 3395 lacri-

195 3438 229 3490 ιι
248 3418 309 3484 mis
332 3419 573 3502 abstinerent,
563 3424 744 3485 incesserat.
788 3419 963 3503 Praecipue
985 3418 1162 3485 obscuritas
1183 3421 1237 3480 ter·

247 3507 313 3572 rori
340 3510 528 3572 statuam
551 3507 676 3572 etiamsi
699 3529 763 3592 qua
786 3508 890 3572 sidera
911 3507 1151 3608 internitebant,
1173 3523 1236 3569 cou-

247 3595 364 3660 tinenti
391 3594 504 3659 fronde
533 3598 636 3660 tectae
666 3595 795 3660 arbores
822 3595 1005 3679 conspicere
1025 3589 1237 3682 prohibebant
