2600 4096
207 193 272 260 152
581 191 613 258 Q.
632 193 743 250 CURTI
759 193 846 250 RUFI

206 361 226 404 e
256 339 374 422 quibus
400 336 605 422 Antiphanes
636 341 708 404 octo
740 339 807 406 iam
838 337 1046 406 distribuerat
1074 337 1129 422 iis,
1156 338 1208 421 qui

206 426 385 494 amiserant
403 447 488 508 suos,
511 426 641 492 omnino
660 427 739 492 duos
757 427 827 510 ipso
844 426 1019 493 habebam:
1042 448 1122 511 quos
1141 448 1208 491 cum

207 515 306 582 uellet
325 514 479 580 abducere
497 514 594 578 bomo
611 515 867 599 superbissimus,
885 519 970 584 certe
983 515 1210 600 iniquissimus,

152 627 190 677 ,ss
207 605 272 670 nisi
293 603 390 687 pedes
414 602 556 668 militare
578 603 705 687 uellem,
726 604 863 670 retinere
886 604 1034 688 cogebar.
1074 603 1144 668 Nec
1166 604 1208 666 in-

208 693 295 758 fitias
318 711 370 773 eo,
399 689 493 756 liberi
515 690 655 758 hominis
678 692 787 756 animo
809 691 952 760 locutum
975 713 1045 758 esse
1067 713 1119 756 me
1142 711 1210 756 cum

207 779 420 866 ignavissimo
448 782 480 843 et
506 778 568 846 hoe
594 801 694 844 unum
721 779 858 846 militiae
885 781 936 845 ius
962 783 1153 863 usurpante,
1176 784 1211 842 ut

211 869 334 934 alienos
356 887 456 950 equos
478 867 670 951 pugnaturis
693 867 873 934 distribuat.
912 867 985 934 Huc
1008 870 1094 934 enim
1117 868 1211 932 malo
1283 935 1284 966 ,

207 977 281 1022 rum
302 960 440 1022 ¹rentum
472 959 535 1038 est,
565 959 602 1020 ut
633 957 731 1020 verba
763 977 836 1024 mea
866 956 978 1022 eodem
1008 960 1155 1041 ternpore
1181 958 1211 1018 et
1283 985 1284 1002 i

153 1071 190 1120 at
208 1043 392 1110 Alexandro
415 1065 562 1110 excusem
585 1047 618 1108 et
640 1044 829 1126 Antiphani.
875 1045 928 1128 At,
949 1045 1089 1128 hercule,
1112 1049 1212 1109 mater

208 1133 247 1197 de
265 1131 360 1200 nobis
378 1131 516 1198 inimicis
535 1132 600 1197 tuis
614 1133 751 1216 scripsit.
777 1132 912 1200 Utinam
926 1133 1116 1217 prudentius
1131 1136 1212 1198 esset

207 1221 348 1287 sollicita
370 1242 428 1303 pro
451 1220 520 1286 filio
544 1224 578 1286 et
598 1241 664 1286 non
686 1222 798 1286 inanes
823 1242 948 1306 quoque
972 1222 1094 1305 species
1119 1220 1211 1286 anxio
1283 1219 1284 1248 ¹

208 1309 315 1376 animo
336 1309 504 1392 figuraret!
544 1307 650 1384 Quare
673 1310 759 1374 enim
780 1329 846 1374 non
868 1311 1025 1375 adscribit
1041 1313 1149 1376 metus
1166 1309 1211 1373 sui

208 1420 354 1480 causam,
386 1397 521 1481 denique
546 1418 613 1460 non
636 1398 779 1462 ostendit
801 1397 985 1464 auctorem?
1026 1397 1097 1474 Quo
1128 1398 1212 1462 facto

208 1486 334 1552 dictove
352 1489 464 1551 nostro
483 1487 572 1548 mota
589 1488 657 1550 tarn
675 1486 817 1570 trepidas
835 1487 896 1552 tibi
915 1487 1042 1555 litteras
1061 1484 1211 1571 scripsit?

153 1593 189 1642 aa
209 1574 236 1640 0
256 1575 408 1640 miseram
426 1573 646 1638 condicionem
665 1595 779 1657 meam,
798 1575 875 1659 quia
891 1575 1032 1640 forsitan
1048 1597 1116 1642 non
1134 1574 1211 1659 peri·

208 1663 349 1730 culosius
377 1664 427 1727 est
454 1665 560 1726 tacere
583 1683 680 1744 quam
703 1662 820 1728 dicere!
867 1661 930 1728 Sed
951 1667 1126 1747 utcumque
1150 1683 1212 1728 ocs-

208 1774 284 1818 sura
305 1772 357 1816 res
381 1754 445 1833 est,
472 1750 559 1815 malo
588 1750 649 1814 tibi
672 1750 888 1816 defensionem
916 1773 1021 1818 meam
1044 1751 1211 1836 displicere

208 1862 305 1925 quam
328 1860 466 1904 causam.
508 1837 695 1922 Adgnosces
719 1843 939 1923 actamquae
963 1840 1106 1904 dictums
1130 1861 1211 1904 sum:

208 1930 326 2013 quippe
349 1926 542 2009 meministi,
569 1947 641 1992 curn
668 1949 719 1992 me
744 1927 783 1993 ad
804 1927 1023 2011 perducendos
1046 1949 1086 1992 ax
1110 1926 1211 1992 Mace·

208 2016 305 2080 donia
336 2015 457 2080 milites
493 2015 652 2097 mitteres,
689 2014 807 2081 dixisse
838 2020 884 2098 te,
915 2017 1036 2082 multos
1066 2017 1211 2100 integros

153 2130 190 2180 33
208 2104 338 2168 iuvenes
369 2103 403 2166 in
429 2102 525 2168 domo
554 2106 629 2168 tuae
660 2104 773 2168 matris
806 2104 968 2170 abscondi.
1016 2103 1212 2188 Praecepisti

208 2191 309 2276 igitur
327 2188 416 2272 mihi,
433 2211 473 2254 ne
493 2211 587 2274 quem
604 2196 733 2275 praeter
746 2196 778 2260 te
792 2192 944 2277 intuerer,
962 2193 1017 2258 sed
1032 2192 1211 2258 detrectan-

207 2284 258 2343 tes
277 2278 429 2342 militiam
447 2277 652 2362 perducerem
672 2279 714 2346 ad
730 2283 772 2346 te.
809 2279 901 2356 Quod
924 2280 1070 2364 equidem
1093 2280 1159 2348 feci
1182 2285 1212 2345 et

207 2368 354 2450 liberius,
381 2387 477 2450 quam
504 2367 693 2449 expediebat
719 2368 814 2450 mibi,
842 2373 993 2434 executus
1022 2391 1092 2434 sum
1119 2373 1212 2434 tuum
1284 2377 1285 2392 ¹

200 2457 388 2541 imperium.
416 2453 568 2540 Gorgiam
583 2459 615 2518 et
628 2453 826 2522 Hecataeum
842 2462 874 2522 et
889 2456 1061 2542 Gorgatan,
1076 2479 1212 2542 quorum

153 2574 189 2624 39
208 2547 293 2612 bona
316 2566 412 2629 opera
435 2544 542 2626 uteris,
564 2543 638 2608 inde
660 2545 802 2627 perduxi.
848 2544 931 2622 Quid
953 2546 1054 2631 igitur
1072 2546 1211 2629 iniquius

208 2638 267 2718 est,
290 2656 387 2719 quam
404 2654 465 2718 me,
488 2633 553 2718 qui,
575 2632 604 2696 si
620 2632 682 2696 tibi
699 2654 765 2698 non
782 2635 969 2717 paruissem,
992 2635 1060 2698 iure
1079 2633 1211 2700 daturus

207 2723 256 2786 fui
274 2743 402 2805 poenas,
424 2742 509 2786 nunc
526 2721 640 2804 perire,
663 2721 739 2806 quia
755 2723 870 2804 parui?
909 2720 1022 2806 Neque
1040 2723 1125 2786 enim
1144 2722 1211 2788 ulla

208 2810 272 2874 alia
294 2810 392 2874 matri
414 2814 489 2874 tuae
512 2809 723 2893 persequendi
741 2830 800 2874 nos
818 2814 991 2893 causaest,
1010 2833 1108 2894 quam
1127 2810 1212 2895 quod

153 2928 189 2977 4⁰
209 2898 384 2962 utilitatem
397 2900 488 2962 tuam
502 2897 651 2962 muliebri
666 2898 909 2981 praeposuimus
924 2899 1057 2982 gratiae.
1075 2917 1112 2964 VI
1121 2899 1211 2964 milia

208 2986 419 3052 Macedonum
449 2987 593 3069 peditum
624 2989 658 3050 et
683 3002 729 3050 Dc
758 2987 882 3070 equites
914 2986 1044 3070 adduxi,
1076 3007 1213 3070 quorum

207 3097 282 3159 pars
306 3077 455 3138 secutura
476 3095 527 3138 me
549 3095 614 3138 non
638 3079 716 3156 erat,
739 3075 767 3138 si
785 3075 937 3140 militiam
959 3075 1209 3140 detrectantibus

207 3163 372 3246 indulgere
390 3161 574 3228 voluissem
614 3159 765 3247 Sequitur
788 3183 876 3248 ergo,
897 3167 942 3247 ut,
965 3163 1041 3248 quia
1063 3163 1121 3229 illa
1139 3184 1210 3247 pro·

207 3256 280 3335 pter
302 3251 386 3316 hanc
410 3271 539 3316 causam
561 3250 713 3316 irascitur
734 3251 837 3336 nobis,
860 3256 896 3319 tu
916 3252 1047 3336 mitiges
1066 3256 1211 3333 matrem,

209 3340 266 3426 qui
288 3340 354 3404 irae
378 3339 446 3404 eius
468 3359 528 3403 nos
553 3338 723 3406 obtulisti'.
