2552 4108
246 231 500 288 HISTORIARUM
517 233 731 288 ALEXANDRI
748 233 800 302 IV,
820 239 844 288 '1.
1018 233 1058 298 51

49 377 189 462 proximi
207 376 412 461 Aethiopum
453 376 492 441 In
518 378 682 442 meridiem
700 399 826 442 versam
841 377 966 442 Arabes
990 399 1060 463 spe·

50 470 153 550 etant,
187 465 380 551 Trogodytis
403 484 583 550 cognomen
606 470 667 530 est:
703 466 819 531 borum
840 466 931 551 regio
958 488 1060 552 usque

50 555 89 618 ad
112 555 249 618 rubrum
271 575 357 618 mare
381 555 526 619 excurrit.
569 554 616 618 At
638 576 701 638 qua
724 555 830 638 vergit
852 555 892 618 ad
916 554 1112 624 occiden-19

50 646 129 726 tem,
163 641 222 705 alii
248 640 424 725 Aethiopes
454 642 577 725 colunt,
608 663 688 726 quos
716 640 842 709 Simuos
866 645 991 707 vocant.
1030 641 1112 714 Ano

52 730 270 814 septentrione
286 727 486 795 Nasamones
505 734 589 814 sunt,
611 751 691 816 gens
706 728 838 814 Syrtica,
860 731 1061 815 navigiorum

52 818 164 902 spoliis
199 821 406 902 quaestuosa,
443 818 560 902 quippe
597 818 744 883 obsident
778 819 876 885 litora·
907 822 940 883 et
971 821 1061 883 aestu

53 906 209 970 destituta
237 905 369 991 navigia
397 906 483 972 notis
514 906 575 970 sibi
604 907 694 971 vadis
724 910 888 991 occupant.
932 905 1061 972 Incolae

52 995 205 1078 nemoris,
238 1015 318 1078 quos
344 992 555 1059 Hammonios
583 998 714 1077 vocant,
745 995 895 1078 dispersis
923 996 1061 1079 tuguriis

53 1082 217 1147 habitant:
258 1081 398 1146 medium
433 1104 546 1146 nemus
579 1105 637 1166 pro
671 1103 742 1147 arce
779 1084 912 1166 habent,
943 1083 1063 1167 triplici

54 1192 143 1235 muro
171 1170 413 1234 circumdatum.
456 1170 565 1234 Prima
587 1170 723 1234 munitio
746 1173 954 1253 tyrannorum
977 1175 1060 1235 vete·
1080 1190 1112 1240 21

54 1279 123 1322 rum
149 1259 275 1343 regiam
298 1258 425 1322 clausit:
456 1258 491 1322 in
513 1259 658 1341 proxima
682 1258 833 1342 coniuges
856 1280 966 1323 eorum
989 1281 1061 1324 cum

55 1346 160 1410 liberis
194 1349 228 1410 et
256 1347 411 1430 pelicibus
437 1346 642 1410 habitabant:
678 1347 731 1411 hic
762 1367 887 1431 quoque
915 1347 967 1410 dei
992 1368 1061 1411 ora-

57 1435 159 1498 culum
183 1437 247 1498 est:
270 1434 384 1498 ultima
406 1435 604 1499 munimenta
623 1435 799 1500 satellitum
819 1434 1062 1518 armigerorum-

57 1541 114 1602 que
141 1523 233 1587 sedes
262 1525 362 1586 erant.
405 1521 468 1586 Est
495 1526 527 1586 et
549 1523 635 1587 aliud
657 1522 847 1587 Hammonis
869 1544 996 1587 nemus:
1027 1523 1063 1586 in
1080 1543 1112 1591 22

57 1609 157 1674 medio
181 1610 282 1675 habet
304 1610 427 1675 fontem
441 1608 582 1676 -Solis
606 1633 722 1695 aquam
740 1613 865 1676 vocant.
898 1607 963 1674 Sub
981 1610 1061 1674 lucis

59 1699 160 1761 ortum
182 1698 294 1783 tepida
312 1701 431 1780 manat,
453 1699 557 1763 medio
577 1699 635 1782 die,
658 1699 747 1763 cuius
765 1697 1061 1764 vehementissimus

59 1788 104 1846 est
130 1787 232 1869 calor,
261 1787 378 1871 frigida
406 1785 516 1850 eadem
542 1786 626 1870 fluit,
658 1787 813 1851 inclinato
840 1787 876 1850 in
897 1807 1063 1869 vesperam

60 1871 196 1958 calescit,
229 1874 335 1937 media
365 1876 459 1938 nocte
487 1873 609 1937 fervida
636 1877 814 1958 exaestuat,
845 1894 980 1958 quoque
998 1894 1063 1937 nox

60 1961 185 2042 propius
212 1961 319 2045 vergit
346 1961 386 2024 ad
412 1962 528 2043 lucem,
555 1961 693 2026 multum
715 1983 754 2025 ex
775 1965 934 2026 nocturno
958 1962 1062 2026 calore

62 2044 224 2134 decrescit,
249 2048 349 2113 donec
372 2049 431 2113 sub
453 2049 560 2132 ipsum
583 2049 645 2113 diei
668 2052 774 2114 ortum
797 2050 929 2115 adsueto
952 2053 1062 2134 tepore

62 2131 253 2218 languescat.
292 2134 339 2220 Id,
361 2138 442 2218 quod
462 2159 520 2221 pro
544 2137 602 2202 deo
626 2138 748 2220 colitur,
771 2158 837 2202 non
860 2138 994 2202 eandem
1017 2139 1062 2201 ef·
1081 2158 1113 2206 na

62 2219 163 2304 figiem
185 2225 294 2307 habet,
319 2246 414 2308 quam
437 2225 533 2309 vulgo
556 2225 617 2289 diis
641 2225 778 2290 artifices
807 2226 1062 2291 accommodave-
1177 2247 1181 2256 ’

63 2313 145 2374 runt:
176 2312 329 2377 umbilico
356 2312 492 2376 maxime
520 2313 631 2377 similis
660 2317 709 2378 est
731 2314 869 2397 habitus,
892 2314 1062 2398 smaragdo

65 2398 94 2458 et
114 2401 247 2482 gemmis
269 2403 522 2486 coagmentatus.
566 2400 674 2486 Hunc,
704 2423 776 2466 cum
798 2423 986 2485 responsum
1008 2423 1062 2484 pc·
1082 2420 1113 2468 24

64 2483 148 2571 titur,
174 2488 305 2572 navigio
329 2492 440 2553 aurato
464 2492 594 2574 gestant
615 2489 795 2554 sacerdotes
818 2489 926 2553 multis
949 2509 1062 2572 argen-

64 2572 118 2636 teis
140 2577 260 2658 pateris
283 2577 323 2641 ab
346 2579 481 2660 utroque
504 2577 626 2661 navigii
647 2579 747 2642 latere
765 2575 992 2661 pendentibus:
1015 2597 1063 2640 se·

66 2665 198 2740 quuntur
220 2667 386 2728 matronae
408 2665 610 2750 virginesque
632 2667 737 2749 patrio
757 2685 846 2728 more
863 2663 1063 2729 inconditum

66 2749 218 2826 quoddam
242 2772 369 2816 carmen
392 2756 555 2836 canentes,
584 2774 646 2836 quo
674 2751 843 2837 propitiari
863 2749 973 2816 Iovem
996 2773 1062 2816 cre-

23 2820 58 2887 32
67 2831 148 2919 dunt,
169 2843 207 2903 ut
229 2843 351 2903 certum
373 2840 447 2904 edat
465 2842 636 2905 oraculum.
667 2842 716 2905 Ac
729 2842 799 2903 tum
813 2839 941 2922 quidem
954 2860 1062 2924 regem
1082 2859 1113 2908 25

66 2925 190 3006 propius
213 2927 383 2991 adeuntem
405 2929 562 2991 maximus
584 2932 663 2992 natu
686 2948 703 2990 e
726 2927 944 2992 sacerdotibus
963 2928 1063 2992 filium

68 3013 212 3165 Alit
238 3015 307 3166 ll.
327 3016 702 3168 amularius
724 3013 834 3167 {uu
855 3015 1063 3168 {tlttl

68 3151 217 3255 humanae
249 3191 343 3255 sortis
376 3190 502 3255 oblitus.
548 3127 716 3256 Considuit
743 3191 867 3275 deinde,
898 3125 1063 3256 dirotini
1082 3212 1114 3261 aa

70 3270 148 3337 orbis
175 3277 344 3362 imperium
372 3279 449 3342 fatis
477 3279 538 3343 sibi
561 3278 781 3344 destinaretur
825 3279 1000 3363 Vatesque,
1029 3280 1063 3343 in

71 3355 276 3430 adulationem
311 3367 511 3451 conpositus,
547 3370 704 3432 terrarum
736 3368 878 3433 omnium
908 3371 1063 3432 rectorem

70 3439 132 3510 fore
154 3454 299 3518 ostendit.
343 3452 422 3519 Post
443 3455 522 3518 haec
544 3455 662 3519 institit
689 3477 852 3539 quaerere,
884 3476 925 3518 an
952 3477 1063 3519 omnes
1082 3475 1113 3524 22

72 3540 203 3608 parentis
229 3543 278 3606 sui
304 3542 523 3607 interfectores
552 3565 672 3626 poenas
696 3544 864 3607 dedissent.
910 3539 1062 3608 Sacerdos
1082 3563 1113 3612 28

72 3629 225 3696 parentem
253 3631 319 3694 eius
346 3635 444 3715 negat
471 3631 566 3694 ullius
589 3632 705 3696 scelere
726 3652 821 3715 posse
844 3630 966 3712 violari,
988 3629 1062 3693 Phi-

865 3731 902 3784 4*
