2552 4108
380 219 589 275 eunomio
608 219 758 277 GRI'PIOA„
1045 219 1071 274 V

66 359 185 440 triginta
203 359 283 415 annis
293 361 456 442 ¹permultae
470 361 598 444 prolatae
612 364 689 444 sunt,
705 363 822 485 Kraeter·
833 376 881 442 etas
895 378 965 430 quas
978 361 1070 444 recepi

66 431 700 558 eudeutaieebaessetr
717 432 929 558 retitui
949 431 1071 558 {tite

64 521 110 627 nie
128 587 185 626 non
202 574 342 641 poteram,
365 578 398 628 ut
416 521 529 629 sileritio
546 521 749 644 praeterirem.p
771 574 888 642 Aliquot
909 520 986 629 lolios
1003 573 1070 628 ube·

64 642 124 697 rius
142 643 262 698 tractavi
282 644 312 697 in
331 644 479 698 annalibus
496 645 633 714 philolog.
653 662 677 700 a
698 651 766 701 1870
788 662 816 715 p.
835 651 990 711 odi-5623
1008 643 1070 699 bre·

64 713 128 768 vius
154 714 302 782 plerasque
329 715 465 770 lectiones
493 732 511 769 a
536 733 581 770 mc
609 718 736 785 receptes
759 714 873 770 defendi
894 715 924 770 in
947 714 1071 770 editione

65 784 224 839 scholarum
247 785 310 839 usui
337 786 491 854 destinata,
519 787 555 840 ad
578 803 663 854 quam
687 787 828 856 relegates
851 786 928 852 roto,
954 803 1070 854 qnorum
1114 807 1116 813 ·

64 857 186 910 interest
206 856 330 912 rationes
352 873 429 911 meas
451 858 588 912 excutere.
629 858 669 911 Ac
692 857 716 911 si
739 856 802 926 quis
825 857 897 912 forte
914 856 1070 925 mirabitur,

65 928 95 980 in
115 926 316 981 conformanda
334 926 424 981 Curtii
442 928 569 982 oratione
587 928 659 981 hanc
677 945 778 982 novam
798 945 891 982 curam
907 944 1020 998 perraro
1035 928 1070 982 ab

65 997 144 1050 illius
167 998 259 1066 operis
283 997 406 1052 editione
425 998 517 1052 altera
540 1003 576 1066 (a.
596 1004 665 1053 1875
683 1000 713 1052 et
732 1003 811 1066 1880)
834 999 976 1066 recedere,
999 998 1072 1053 illud

66 1083 171 1136 quaeso
190 1070 333 1137 reputato,
356 1069 438 1122 huius
462 1067 554 1138 operis
573 1069 643 1122 duas
661 1069 815 1139 particulae
833 1086 889 1124 non
908 1069 968 1124 sine
986 1069 1071 1124 inter-

65 1139 142 1193 vallo
160 1138 316 1207 iisdemque
335 1139 428 1207 annis,
449 1139 551 1207 quibus
568 1138 647 1194 illius
666 1140 722 1194 duo
739 1141 895 1208 volumina,
914 1157 975 1196 esse
992 1140 1071 1210 prelo

65 1225 210 1335 excuUiiii
228 1282 322 1335 autern
341 1298 400 1334 sum
420 1280 588 1336 Hedickium
607 1283 718 1336 secutus
737 1281 864 1337 codicum
882 1281 962 1350 siglis
980 1281 1071 1336 hisce:

64 1352 102 1406 Β.
122 1350 158 1406 F.
182 1352 216 1406 L.
245 1351 320 1404 V·
339 1351 488 1406 Bemensis
510 1359 575 1420 451,
603 1351 781 1408 Florentinus
802 1353 872 1424 plut
896 1359 931 1408 64
955 1351 1004 1407 lib.
1028 1357 1071 1421 35,
1161 1429 1163 1434 Ι

101 1420 247 1476 Leidensis
268 1428 333 1488 131,
351 1423 505 1477 Vossianus
524 1425 579 1479 20⁴.

66 1493 91 1547 Ο
109 1519 143 1538 =
162 1509 312 1546 consensus
331 1493 411 1548 codd.
430 1495 465 1548 Β.
484 1493 520 1548 F.
540 1494 576 1549 L.
599 1494 631 1548 V.

66 1564 97 1617 P
114 1589 148 1610 =
166 1563 308 1617 Parisinus
323 1571 392 1618 5116
411 1565 446 1618 ab
460 1564 561 1619 Haimo
578 1565 716 1620 monacho
734 1579 806 1620 seeo.
821 1563 859 1618 IX
874 1562 938 1634 (Χῖ)
953 1563 1069 1632 scriptur

103 1634 253 1702 comitique
273 1632 432 1689 Chninrado
451 1635 604 1690 dedicatus.

64 1706 90 1758 I
106 1730 140 1750 ==
160 1704 239 1759 codd.
260 1704 430 1774 interpolati.

138 1775 252 1829 Nullum
271 1775 375 1844 legitur
394 1776 508 1844 sigium,
527 1775 577 1830 ubi
600 1776 722 1844 quinque
741 1774 842 1846 optimi
859 1776 940 1830 codd.
959 1791 1068 1830 consen·

64 1845 144 1900 tinnt
157 1847 213 1912 vel,
233 1849 266 1899 ut
278 1847 388 1900 cautius
402 1847 514 1915 loquer,
528 1847 578 1901 ubi
591 1847 698 1901 nullam
711 1846 841 1901 lectionis
856 1845 1071 1916 discrepantiam

65 1917 233 1971 adnotatam
252 1933 305 1986 ego
324 1933 509 1986 reppereram.

464 2131 673 2140 ——-—-—-

297 2325 602 2393 ADNO'PATIO
626 2323 843 2393 ORITICA.

472 2577 592 2636 LIBER
609 2577 664 2636 ΙΙΙ.

85 2693 116 2748 1.
140 2699 156 2747 8
176 2692 261 2763 ipsis
280 2693 419 2765 Freinet]
440 2693 500 2762 ipse
546 2700 578 2748 17
598 2693 687 2747 eoric
706 2693 815 2764 Uellea]
837 2692 923 2747 series
967 2697 999 2747 18
1018 2708 1072 2746 ne-

139 2780 303 2832 quaquam
324 2765 361 2836 P]
381 2765 548 2833 nequiquam
569 2764 592 2819 0

85 2836 115 2890 ⁶2.
140 2842 156 2888 5
173 2834 249 2904 pari
266 2836 375 2906 serpsi]
391 2835 516 2903 equitum
530 2834 630 2903 pario
663 2841 679 2888 6
694 2833 907 2903 egregiorum
922 2833 1073 2902 equitnm

139 2905 270 2977 Hedicke]
291 2905 434 2986 egregium
523 2905 618 2958 mille
636 2904 787 2974 Tapuris.
806 2904 970 2959 Derbices
990 2905 1072 2986 Foss]

139 2975 295 3030 militatura
313 2977 387 3030 1dem
406 2976 492 3031 vicies
542 2983 557 3031 ‘1
577 2977 793 3030 armaverant
811 2977 952 3048 Glaucea]
973 2979 1073 3030 armati

140 3048 227 3102 erant.
264 3064 340 3101 aere
364 3049 423 3101 aut
445 3047 531 3188 Vosq
551 3047 687 3100 herebant
724 3055 754 3100 11
774 3046 870 3101 noles
887 3047 980 3118 Bolia]
1000 3047 1073 3101 nolis

142 3125 175 3172 lt
194 3120 402 3186 occuparunt
419 3120 517 3188 scripse
550 3117 799 3187 occupati‘parant

86 3187 115 3244 Β.
141 3195 153 3242 1
173 3204 308 3242 usurum
327 3204 360 3242 se
378 3189 458 3260 Hoy]
479 3205 578 3242 usurus
614 3195 630 3242 3
649 3205 712 3256 quo
731 3187 900 3255 quondam
917 3187 996 3259 Huq]
1018 3203 1073 3256 quo

138 3265 155 3312 4
175 3260 215 3312 ad
230 3275 264 3314 se
282 3260 418 3331 Eussner]
434 3275 495 3313 esse
531 3259 685 3313 econtra
707 3260 898 3382 Walcbknom
918 3259 1074 3326 quodque

138 3331 265 3384 vestem
292 3329 462 3384 Persicam
494 3346 531 3384 ac
563 3329 736 3398 vulgarem
763 3330 805 3383 ha
832 3329 954 3396 uisset,
987 3329 1074 3382 haud

138 3401 296 3470 ambigue
313 3417 452 3470 regnum
469 3400 571 3455 Asiae
589 3401 698 3472 scribo]
723 3400 832 3482 quodve
856 3414 973 3469 regnum
990 3399 1074 3454 Asiae

138 3487 273 3540 occupare
290 3472 435 3526 habuisset
448 3471 524 3526 haud
538 3471 686 3540 ambiguae
699 3487 748 3525 rer.
780 3471 884 3526 Locum
897 3473 1075 3540 desperatum,

137 3544 169 3596 in
195 3559 247 3612 quo
269 3548 308 3597 tot
330 3545 449 3597 tortines
471 3544 543 3598 docti
565 3544 712 3607 haeserint,
739 3561 758 3596 c
782 3559 822 3596 me
839 3547 908 3595 recte
926 3547 1071 3594 correctum

139 3629 192 3668 esse
209 3614 320 3668 minime
333 3615 444 3680 confido.
482 3614 554 3668 out
571 3613 642 3666 fere
660 3611 705 3664 fit
721 3612 831 3682 scripsi]
843 3612 876 3663 ut
889 3611 953 3664 fere.
985 3610 1075 3676 Jeeps'i

138 3683 347 3739 emendationem
364 3688 461 3749 (1374)
486 3685 519 3736 ut
540 3682 598 3737 iere
622 3681 694 3736 solet
716 3699 750 3736 ne
766 3683 909 3750 reciperem
926 3697 967 3734 me
979 3679 1072 3748 probi·
