2552 4108
267 203 519 260 HISTORIARUM
537 203 752 301 ALEXANDRI
769 203 822 274 IV,
841 210 866 261 ὅ.
1030 205 1075 268 45

58 370 190 434 quoque
218 352 351 433 recepta
366 347 482 413 Chium
503 349 617 413 incolis
640 349 726 414 ultro
748 348 937 414 vocantibus
956 352 1075 413 statue·

58 443 136 501 rant
160 459 334 522 occupare:
368 437 424 501 sed
446 436 687 520 Pharnabazus,
714 435 812 501 Darei
834 441 976 522 praetor,
999 459 1074 502 oon·

58 525 248 611 prehensis,
283 526 337 609 qui
368 547 420 590 res
453 525 493 588 ad
524 524 717 590 Macedonas
748 525 934 608 trahebant,
964 547 1074 590 rursus

58 614 255 697 Apollonidi
295 616 328 678 et
362 611 604 698 Athenagorae,
645 635 775 678 suarum
812 614 953 697 partium
988 613 1074 698 viris,

58 703 174 768 urbem
208 724 284 767 cum
315 701 440 767 modico
472 702 630 785 praesidio
660 701 798 766 militnm
826 702 934 766 tradit.
978 700 1127 773 Prae-16

58 791 137 854 fecti
160 790 342 855 Alexandri
364 790 399 854 in
422 790 588 854 obsidione
610 790 699 854 urbis
721 789 983 873 perseverabant,
1006 811 1075 855 non

59 881 128 944 tam
159 879 230 944 suis
259 880 311 960 fisi
336 877 459 942 viribus
486 899 583 963 quam
609 878 766 962 ipsorum,
799 879 853 961 qui
885 878 1073 943 obsideban-

59 969 128 1050 tur,
160 967 341 1032 voluntate.
396 964 465 1030 Nec
496 965 610 1030 fefellit
640 961 759 1050 opinio.
813 963 961 1050 Namque
990 966 1074 1030 inter

60 1053 295 1139 Apollonidem
318 1058 352 1118 et
373 1054 470 1119 duces
491 1054 629 1118 militum
649 1057 721 1119 orta
739 1054 853 1119 seditio
871 1055 1075 1138 inrumpendi

60 1142 95 1206 in
125 1144 246 1208 urbem
278 1142 479 1208 occasionem
505 1142 600 1207 dedit
653 1140 796 1227 Cumque
823 1146 917 1227 porta
944 1143 1076 1208 effracta
1095 1163 1127 1212 ιι

61 1231 179 1296 cohors
207 1230 423 1296 Macedonum
453 1231 618 1314 intrasset,
651 1230 804 1315 oppidani
835 1231 912 1294 olim
940 1231 1074 1296 oonsilio

62 1320 261 1401 proditionis
290 1319 412 1403 agitato
436 1319 616 1404 adgregant
638 1340 672 1383 se
693 1317 892 1402 Amphotero
916 1321 949 1382 et
969 1318 1074 1404 Hege-

62 1406 174 1472 locho:
198 1407 433 1491 Persarumque
455 1407 615 1491 praesidio
639 1429 732 1472 caeso
750 1406 978 1470 Pharnabazus
1002 1427 1074 1472 oum
1094 1428 1127 1476 18

63 1494 263 1579 Apollonide
295 1498 327 1559 et
357 1495 568 1581 Athenagora
597 1496 699 1560 vincti
726 1495 911 1577 traduntur,
942 1512 992 1558 ΧΠ
1017 1494 1075 1558 tri·

63 1603 167 1649 remes
191 1607 268 1649 cum
290 1605 348 1648 suo
371 1584 472 1648 milite
495 1605 532 1648 ac
553 1585 683 1669 remige,
707 1585 911 1667 praetereas
934 1599 1005 1645 xxx
1027 1582 1075 1646 in·

66 1691 143 1735 anes
173 1676 208 1737 et
238 1695 288 1732 aa
317 1672 445 1756 piratici
470 1671 570 1735 lembi
597 1671 854 1756 Graecorumque
883 1688 922 1734 111
944 1669 1033 1734 milia
1056 1691 1076 1733 a

64 1757 171 1824 Persis
199 1761 346 1826 mercede
373 1760 539 1825 conducta.
589 1758 650 1824 His
677 1759 713 1823 in
740 1759 997 1842 supplementum
1024 1778 1074 1822 oo-

67 1847 193 1928 piarum
221 1870 352 1914 suarum
375 1848 553 1912 distributis
575 1847 750 1931 piratisque
769 1846 923 1931 supplicio
941 1845 1074 1910 adfectis

68 1936 211 2018 captivos
234 1938 372 2022 remiges
396 1935 538 2000 adiecere
560 1935 656 1999 classi
678 1955 762 1999 suae.

20 2021 61 2086 24
155 2023 254 2090 Forte
269 2023 481 2108 Aristonicus,
502 2022 802 2106 Methymnaeorum
817 2025 984 2106 tyrannus,
1002 2043 1075 2085 oum
1095 2043 1127 2091 19

69 2109 212 2192 piraticis
244 2113 380 2178 navibus
406 2112 539 2196 ignarus
562 2111 718 2194 omnium,
748 2132 828 2195 quae
852 2110 936 2194 apud
960 2108 1075 2175 Chium

71 2202 140 2263 acta
163 2205 271 2286 erant,
297 2201 401 2284 prima
427 2199 538 2285 vigilia
566 2199 607 2264 ad
628 2203 740 2284 portus
763 2200 902 2264 claustra
924 2199 1077 2264 successit

70 2284 350 2375 interrogatusque
373 2311 393 2352 a
415 2288 613 2370 custodibus,
640 2288 711 2373 quis
734 2293 833 2365 esset,
855 2287 1075 2352 Aristonicum

71 2373 110 2436 ad
130 2375 378 2442 Pharnabazum
407 2377 515 2441 venire
537 2377 712 2460 respondit
756 2374 809 2439 Illi
831 2373 1076 2439 Pharnabazum
1093 2395 1128 2443 20

70 2463 197 2543 quidem
221 2467 287 2530 iam
309 2466 469 2549 quiescere
487 2468 521 2528 et
537 2486 605 2528 non
626 2485 720 2547 posse
738 2467 808 2528 tum
824 2462 913 2544 adiri,
936 2465 1075 2526 ceterum

71 2553 179 2631 patere
204 2554 291 2620 socio
315 2557 411 2638 atque
433 2552 553 2636 hospiti
570 2556 699 2636 portum
718 2555 750 2616 et
767 2553 896 2634 postero
911 2549 961 2612 die
976 2547 1075 2612 Phar·

71 2639 185 2706 nabazi
213 2641 339 2726 copiam
360 2641 430 2705 fore
453 2640 632 2705 adfirmant
676 2638 745 2704 Nec
768 2636 927 2702 dubitavit
949 2636 1074 2701 Aristo·
1093 2658 1126 2706 21

71 2725 162 2793 nicus
185 2730 308 2814 primus
330 2731 460 2812 intrare,
483 2729 584 2793 secuti
606 2732 681 2793 sunt
700 2728 812 2790 ducem
829 2724 955 2809 piratici
969 2724 1076 2808 lembi,

73 2833 117 2896 ao,
139 2817 217 2882 dum
239 2817 402 2902 adplicant
423 2817 555 2902 navigia
577 2815 731 2900 crepidini
753 2817 874 2898 portus,
896 2813 1033 2877 obicitur
1056 2834 1076 2876 a

72 2901 223 2986 vigilibus
250 2907 424 2971 claustrum
456 2908 501 2987 et,
534 2905 590 2988 qui
619 2903 756 2988 proximi
788 2902 1002 2984 excubabant,
1034 2900 1074 2964 ab

73 2987 173 3056 isdem
200 2994 389 3059 excitantur.
433 2991 531 3058 Nullo
563 3015 602 3057 ex
627 2992 668 3056 iis
695 3012 774 3054 auso
800 3010 980 3074 repugnare
1009 3010 1075 3052 om·

73 3077 166 3144 nibus
189 3087 320 3147 catenae
342 3082 479 3146 iniectae
503 3084 586 3164 sunt,
610 3078 809 3163 Amphotero
833 3078 947 3142 deinde
970 3075 1075 3162 Hege-

73 3161 226 3253 lochoque
252 3171 431 3235 traduntur.
475 3168 561 3233 Hinc
583 3167 775 3233 Macedones
798 3167 954 3231 transiere
976 3164 1074 3248 Mity·
1094 3187 1127 3234 22

74 3250 178 3341 lenen,
210 3280 305 3342 quam
328 3256 448 3324 Chares
470 3257 676 3321 Atheniensis
706 3277 809 3339 nuper
835 3257 1023 3336 occupatam
1050 3270 1076 3316 11

75 3341 194 3410 milium
222 3346 393 3411 Persarum
424 3344 582 3430 praesidio
613 3344 761 3408 tenebat:
798 3343 854 3408 sed
885 3363 957 3407 cum
990 3340 1075 3406 obsi·

75 3425 199 3525 dionem
225 3435 363 3500 tolerare
392 3456 459 3499 non
486 3437 608 3518 posset,
639 3433 718 3497 urbe
744 3431 864 3496 tradita
885 3435 1012 3513 pactus,
1039 3432 1076 3492 nt

75 3521 221 3586 incolumi
248 3523 335 3588 abire
362 3523 488 3607 liceret,
518 3521 661 3586 Imbrum
688 3522 778 3605 petit
822 3517 948 3583 Deditis
970 3516 1075 3582 Mace·

77 3599 170 3674 dones
190 3615 409 3697 pepercerunt
