2602 4094
304 245 557 303 HISTORIARUM
574 246 790 302 ALEXANDRI
808 247 842 318 X,
862 254 885 302 1.
1032 246 1096 310 261

88 391 254 476 quondam
272 392 424 457 adversus
438 391 614 460 libidinem
634 393 734 456 animi
752 392 889 458 arbitrio
908 391 1007 457 scorti
1026 391 1098 457 eliis

88 501 195 566 regna
217 481 321 565 daret,
349 481 425 545 aliis
448 481 604 546 adimeret
625 482 736 546 vitam.

502 621 521 661 *
667 620 686 660 al:

584 666 603 708 ’lt

58 749 78 813 6
179 744 286 810 Isdem
317 746 383 810 tere
415 746 526 810 diebus
554 747 683 810 litteras
713 748 745 828 [a
768 744 890 826 Ooeno]
918 745 1036 828 accipit
1058 744 1097 809 de
1116 759 1150 807 43

88 833 188 898 rebus
219 834 254 899 in
285 834 417 918 Europa
448 839 481 899 et
507 833 588 899 Asia
620 833 735 918 gestis,
768 835 843 899 dum
874 833 945 917 ipse
973 831 1098 898 Indiam

88 922 224 1007 subigit.
273 921 427 1007 Zopyrio,
454 922 610 988 Thraciae
632 923 850 1007 praepositus,
877 944 951 988 cum
972 921 1097 1004 expedi·
1116 935 1151 984 44
1239 979 1242 982 .

87 1011 215 1076 tionem
246 1010 280 1074 in
312 1009 411 1076 Getas
444 1010 577 1094 faceret,
608 1011 855 1094 tempestatibus
885 1009 1098 1095 procellisque

88 1099 201 1165 subito
229 1101 347 1164 coortis
367 1121 439 1164 aum
462 1103 532 1164 toto
552 1100 694 1164 exercitu
719 1120 890 1182 oppressus
913 1103 992 1164 erat.
1029 1098 1100 1174 Qua
1116 1112 1151 1162 45

87 1187 224 1272 cognita
246 1188 334 1252 clade
358 1184 493 1252 Seuthes
513 1186 663 1272 Odrysas,
685 1188 858 1271 populares
880 1208 965 1271 suos,
988 1186 1030 1252 ad
1047 1189 1098 1252 de-

87 1276 266 1340 tectionem
298 1276 493 1360 conpulerat.
542 1276 674 1341 Amissa
700 1275 933 1359 propemodum
962 1274 1099 1340 Thracia

88 1387 131 1428 ne
151 1362 286 1428 Graecia
308 1364 437 1448 quidem
459 1365 638 1431 tumultdcas
654 1365 835 1430 inconcussa
852 1365 977 1429 mansit.
1013 1365 1099 1430 Nam

89 1453 272 1519 Alexander
309 1454 426 1534 punita
464 1459 664 1536 satraparum
698 1454 893 1536 quorundam
928 1451 1100 1537 insolentia,

90 1562 202 1624 qnam,
230 1543 304 1605 ditm
330 1542 365 1606 in
390 1545 520 1607 entrmro
547 1543 616 1607 orbe
640 1541 793 1606 indorum
819 1543 918 1606 urmes
944 1541 1100 1623 attinetur,

85 1651 146 1714 per
171 1649 294 1695 summu
323 1630 436 1695 scelera
465 1635 555 1712 amne
580 1631 703 1714 stay-itia
729 1631 765 1695 in
785 1630 990 1713 provinciales
1016 1649 1099 1693 eaer-

91 1722 232 1797 cuerant,
262 1722 425 1783 ceterorum
454 1724 568 1783 nactum
599 1719 787 1784 intarderat:
822 1720 877 1801 qui
908 1719 942 1783 in
968 1717 1100 1800 paribus

90 1807 210 1873 delictis
230 1807 311 1871 Mem
334 1807 538 1892 admissorum
558 1809 735 1889 praemium
757 1811 943 1888 expectantes
964 1808 1000 1871 in
1021 1825 1100 1870 mer·

91 1895 307 1960 cannariorum
329 1895 464 1960 militum
485 1897 577 1978 fidem
598 1895 825 1978 consumebant,
853 1895 978 1960 illorum
1000 1913 1095 1958 mana-

92 1984 158 2065 lms‚
180 1984 269 2048 siud
284 1984 469 2065 supplicium
485 1989 688 2067 poscerentur,
706 1985 835 2049 salntem
852 2003 943 2048 seram
961 1983 1100 2064 tutaturi,

91 2077 149 2136 ant
165 2072 312 2154 pecuina,
334 2078 451 2153 quanta
467 2077 601 2156 poterat,
623 2077 727 2138 coacta
746 2073 855 2155 sunam
877 2072 1007 2137 inibant.
1047 2071 1100 2136 Ea

91 2181 127 2226 re
149 2160 269 2243 nanta
292 2160 409 2225 litterae
425 2161 469 2225 ad
484 2180 587 2226 annes
603 2161 700 2226 Asiae
716 2167 873 2243 praetores
890 2161 1002 2226 missm
1019 2165 1101 2243 sunt,

91 2249 201 2332 qualus
226 2249 367 2330 inspectis
391 2269 407 2312 e
430 2249 552 2331 aestiqio
579 2269 681 2314 amices
701 2251 879 2332 paeyrinos
900 2251 1024 2329 milites,
1046 2250 1101 2332 qui

92 2337 246 2418 stipendia
267 2337 324 2402 sul>
346 2337 423 2418 rasis
442 2337 590 2417 facerent,
613 2339 764 2403 dimittere
785 2339 973 2403 iubebantur.
1017 2337 1103 2402 Erat

93 2427 175 2490 iuter
203 2445 252 2490 cos
279 2425 455 2507 Harpalus,
487 2447 575 2508 quem
605 2426 795 2503 Alexander,
826 2428 907 2508 quod
936 2425 973 2490 od
1002 2426 1101 2506 ansius

93 2513 265 2579 amicitiam
291 2513 365 2578 olim
386 2534 408 2578 a
429 2512 575 2596 Philippo
596 2516 705 2580 eiectus
725 2515 824 2580 solum
845 2515 991 2590 uertisset,
1020 2514 1101 2576 inter

93 2603 259 2685 fidissimos
276 2600 404 2666 tradebat
419 2607 449 2670 et
463 2608 536 2684 nost
552 2603 679 2668 Marcei
694 2607 820 2666 mortem
837 2606 981 2682 satrapea
994 2599 1100 2682 Baby-

95 2692 196 2755 loniae
226 2691 393 2754 donauerat
425 2691 691 2772 thesaurorumque
721 2690 872 2755 custodiae
902 2689 1101 2771 praefecerat.

93 2779 131 2845 Is
158 2779 254 2861 initur
284 2798 353 2843 cam
382 2779 541 2862 fiduciam,
572 2800 665 2861 qnam
691 2779 726 2842 in
753 2778 994 2859 propensissime
1020 2779 1101 2860 reqis
1173 2851 1174 2854 Ἴ

91 2869 199 2951 aratia
219 2866 327 2932 habere
343 2871 477 2948 poterat,
499 2867 710 2950 rnaqnitudine
730 2867 920 2949 fruituram
942 2886 1101 2947 mnsumrr

94 2957 194 3034 sisset,
227 2956 360 3038 quinque
391 2956 574 3020 talentorum
606 2956 695 3020 milia
726 2975 764 3019 ea
793 2974 871 3038 uara
901 2956 986 3038 reaia
1017 2955 1103 3036 rapit

94 3045 296 3125 conductaque
317 3063 371 3108 sea
391 3044 514 3108 milium
535 3043 813 3108 mercennariorum
832 3064 929 3108 manu
946 3044 981 3107 in
997 3042 1101 3108 Euro-

89 3153 167 3215 pam
198 3133 306 3198 euadit.
356 3131 547 3214 Iampridem
580 3133 662 3196 enim
693 3131 769 3196 tuan
798 3136 828 3196 et
858 3131 1035 3196 lihidinibus
1065 3132 1101 3196 in

89 3241 235 3304 praecem
258 3225 372 3286 tractus
393 3222 606 3302 desperataque
627 3222 713 3302 apird
732 3241 830 3303 reyem
852 3221 941 3285 venia
957 3220 1102 3284 manaa

94 3312 178 3375 iram
206 3311 306 3391 ipsius
336 3311 371 3372 in
402 3309 514 3374 alienis
544 3309 650 3390 opibus
681 3309 851 3375 sdsidium
877 3309 1103 3390 circumspicere

94 3403 231 3480 coeperat
255 3403 284 3462 et
309 3397 521 3477 Athenienses,
548 3417 677 3479 qaorum
698 3417 762 3462 non
783 3397 1029 3462 contemnendam
1044 3417 1101 3478 po-

95 3489 222 3552 tentiam
244 3492 273 3551 et
293 3487 378 3568 apud
398 3491 506 3550 ceterm
529 3484 662 3550 Graecos
681 3486 900 3566 auctoritatem
923 3489 988 3550 tum
1005 3485 1101 3549 occul-

95 3580 161 3640 tum
182 3577 218 3640 in
240 3575 429 3640 Macedonas
449 3575 554 3639 odium
575 3579 675 3658 norat,
696 3574 799 3639 sedulo
821 3573 961 3638 coluerat.
991 3573 1102 3654 Itaque

94 3684 177 3746 spera
198 3664 265 3729 sues
284 3663 416 3743 faciebat
435 3661 633 3728 Athenienses
655 3665 784 3727 aduentu
806 3681 861 3726 sico
883 3662 999 3744 munita
1021 3661 1100 3742 copi·
