2552 4108
228 256 478 313 HISTORIARUM
495 256 708 312 ALEXANDRI
725 257 776 326 III,
796 263 836 312 10.
856 263 898 313 11.
1022 255 1063 320 21

45 402 150 467 armis
186 423 279 466 arma
309 403 486 486 pulsarent,
522 422 688 467 mucrones
724 401 758 464 in
794 422 850 464 ora
881 400 1064 485 dirigerent

44 489 127 555 Non
158 489 293 572 timido,
324 511 391 555 non
416 491 534 574 ignavo
562 510 685 555 cessare
713 493 782 553 tum
808 489 911 553 licuit:
947 490 1064 554 collato

44 580 149 663 pede,
175 579 272 662 quasi
295 578 413 663 singuli
435 579 519 642 inter
542 600 576 642 11
599 577 798 661 dimicarent,
820 578 856 641 in
878 578 988 642 eodem
1011 598 1064 641 ve·

47 667 150 752 stigio
188 667 336 750 stabant,
366 666 467 731 donec
497 665 652 731 vincendo
684 666 788 730 locum
820 665 883 730 sibi
913 665 1064 729 facerent.

47 755 134 818 Tum
160 754 295 819 demum
317 773 393 840 ergo
415 755 648 838 promovebant
669 754 817 839 gradum,
844 775 917 818 oum
937 752 1064 818 hostem
1083 765 1099 814 t

46 845 309 926 prostraverant
352 841 400 905 At
429 843 502 907 illos
531 863 633 908 novus
660 841 837 926 excipiebat
863 841 1064 907 adversarius

47 932 228 1015 fatigatos,
251 951 310 994 nec
332 931 503 1014 vulnerati,
525 934 562 995 ut
584 931 662 994 alias
684 932 804 1013 solent,
826 930 893 994 acie
914 932 1065 1014 poterant

48 1020 224 1103 excedere,
256 1041 328 1082 oum
357 1019 461 1083 hostis
487 1019 624 1083 instaret
650 1041 670 1083 a
698 1018 817 1103 fronte,
849 1040 869 1082 a
894 1021 986 1103 tergo
1015 1017 1064 1082 sui

11 1107 39 1168 ll
50 1111 222 1192 urgerent.
267 1106 449 1171 Alexander
477 1128 545 1171 non
574 1107 663 1170 ducis
691 1107 794 1190 magis
826 1127 923 1190 quam
952 1105 1097 1170 1111111111

50 1195 166 1259 munia
199 1194 429 1279 exequebatur,
462 1195 605 1278 opimum
630 1194 724 1258 decus
752 1215 844 1258 caeso
870 1214 946 1279 rege
972 1215 1064 1277 expe·

51 1286 142 1348 tens:
177 1283 299 1367 quippe
322 1281 445 1347 Dareus
469 1305 562 1348 curru
584 1283 729 1347 sublimis
752 1282 920 1364 eminebat,
943 1284 975 1346 et
998 1282 1063 1346 suis

52 1370 93 1434 ud
116 1393 153 1436 se
177 1371 337 1436 tuendum
355 1375 388 1435 et
404 1371 551 1437 hostibus
570 1371 611 1435 ad
632 1370 855 1435 incessendum
878 1370 993 1454 ingens
1016 1370 1062 1432 in·

54 1460 280 1524 citamentum.
321 1458 410 1544 Ergo
432 1460 531 1523 irater
553 1460 620 1523 eius
644 1458 809 1540 Oxathres,
832 1479 904 1522 cum
926 1457 1063 1521 Alexan·
1082 1472 1098 1521 8

54 1547 148 1610 drum
186 1549 313 1612 instare
344 1548 374 1611 ei
404 1551 559 1630 cerneret,
595 1548 730 1631 equites,
765 1546 880 1630 quibus
911 1548 1065 1628 praeerat,

57 1639 131 1700 ante
162 1636 275 1719 ipsum
306 1657 433 1699 currum
463 1636 549 1720 regis
576 1635 701 1701 obiecit.
753 1633 862 1699 Armis
891 1636 924 1697 et
949 1632 1065 1698 robore

56 1725 204 1807 corporis
235 1723 373 1788 multum
400 1745 495 1807 super
522 1726 643 1788 ceteros
670 1723 827 1806 eminens,
858 1722 966 1786 animo
988 1741 1064 1785 vero

58 1814 90 1874 et
110 1812 246 1894 pietate
259 1811 295 1874 in
316 1812 427 1894 paucis
449 1811 600 1895 insignis,
630 1811 686 1876 illo
715 1811 825 1894 utique
852 1809 972 1892 proelio
1002 1808 1065 1872 cla·

57 1919 121 1981 rus,
144 1900 227 1965 alios
250 1898 417 1982 inprovide
435 1899 593 1964 instantes
606 1899 789 1982 prostravit,
812 1897 892 1963 ahos
905 1897 941 1960 in
953 1896 1065 1980 fugam

65 1988 188 2052 avertit.
230 1985 278 2051 At
299 1987 500 2070 Macedones,
520 1987 575 2069 qui
597 1987 681 2051 circa
702 2005 810 2070 regem
832 1989 932 2068 erant,
954 1987 1066 2051 mutua
1083 1999 1099 2047 1

61 2073 287 2140 adhortatione
313 2075 432 2140 firmati
459 2096 531 2138 cum
557 2075 628 2158 ipso
654 2075 690 2139 in
715 2074 857 2158 equitum
880 2072 1065 2157 1811111111-

60 2168 224 2245 rumpunt.
261 2163 345 2226 Tum
365 2184 441 2228 vero
461 2163 572 2227 similis
591 2163 702 2226 ruinae
723 2166 847 2248 strages
865 2165 942 2226 erat.
974 2158 1067 2225 Circa

63 2269 189 2315 currum
212 2249 311 2315 Darei
336 2251 485 2316 iacebant
505 2251 696 2316 nobilissimi
718 2250 827 2334 duces,
858 2252 933 2314 ante
956 2248 1065 2314 oculos

62 2338 145 2420 regis
182 2339 315 2425 egregia
345 2342 448 2404 morte
480 2339 635 2423 defuncti,
671 2360 780 2403 omnes
810 2339 845 2402 in
876 2359 933 2402 ora
963 2337 1067 2420 proni,

64 2423 144 2489 sicut
166 2427 357 2492 dimicantes
379 2427 627 2511 procubuerant,
649 2428 781 2492 adverso
805 2446 936 2508 corpore
958 2426 1066 2489 vulne-

63 2511 150 2577 ribus
178 2514 328 2598 acceptis.
371 2513 461 2579 Inter
486 2515 546 2580 hos
568 2514 698 2598 Atizyes
725 2518 758 2579 11
780 2513 1004 2577 Rheomithres
1034 2515 1067 2575 et
1086 2529 1118 2576 10

66 2595 211 2686 Sabaces,
233 2606 363 2687 praetor
375 2602 528 2689 Aegypti,
549 2624 739 2688 magnorum
762 2601 956 2666 exercituum
976 2620 1065 2682 prae-

64 2685 147 2773 fecti,
169 2691 428 2756 noscitabantur:
451 2693 536 2756 circa
557 2713 611 2756 eos
634 2690 795 2756 cumulata
817 2691 909 2753 erant
924 2687 1067 2770 peditum

66 2778 271 2864 equitumque
294 2780 459 2845 obscurior
480 2779 583 2844 turba.
618 2777 829 2844 Macedonum
852 2797 977 2861 quoque
1000 2797 1068 2840 non

67 2864 191 2944 quidem
227 2868 334 2950 multi,
370 2869 425 2932 sed
460 2867 691 2951 promptissimi
721 2868 831 2929 tamen
862 2864 946 2929 caesi
977 2867 1066 2928 sunt:

67 2947 148 3017 inter
175 2976 256 3038 quos
279 2954 453 3021 Alexandri
480 2957 625 3020 dextrum
652 2954 756 3018 femur
781 2952 894 3018 leviter
915 2972 1067 3016 mucrone

68 3042 269 3118 perstrictum
298 3048 355 3108 est.
398 3043 530 3126 Iamque
557 3044 611 3128 qui
632 3040 773 3106 Dareum
799 3040 960 3106 vehebant
986 3040 1067 3124 equi,
1087 3055 1117 3104 11

70 3128 208 3195 confossi
242 3131 346 3196 hastis
377 3134 411 3196 et
441 3132 549 3197 doloro
581 3131 703 3194 efferati
733 3130 845 3215 iugum
876 3133 1006 3214 quatere
1035 3131 1068 3192 et

69 3231 174 3297 regem
201 3241 296 3284 curru
317 3224 462 3284 excutere
485 3221 667 3302 coeperant:
699 3240 771 3283 cum
793 3218 847 3282 1111
869 3217 1004 3300 veritus,
1026 3237 1067 3280 ne

71 3300 157 3367 vivus
192 3308 315 3372 veniret
347 3309 382 3372 in
412 3309 553 3372 hostium
584 3310 787 3391 potestatem,
822 3305 930 3369 desilit
964 3307 998 3368 et
1032 3305 1068 3367 in

73 3405 197 3485 equum,
224 3396 278 3480 qui
306 3396 347 3460 ad
373 3396 435 3461 hoc
461 3397 567 3478 ipsum
594 3396 798 3480 sequebatur,
825 3393 994 3477 inponitur
1019 3392 1067 3455 in·

74 3479 214 3558 Slgnibus
236 3505 361 3568 quoque
378 3484 512 3568 imperii,
534 3505 575 3547 ne
593 3485 702 3568 fugam
719 3483 899 3567 proderent,
921 3481 1067 3545 indecore

75 3561 209 3662 abiectis.
252 3571 335 3636 Tum
366 3594 441 3638 vero
473 3572 570 3636 ceteri
597 3572 792 3655 dissipantur
818 3574 905 3634 metu
932 3572 976 3651 et,
1006 3589 1069 3651 qua
1087 3583 1119 3632 12

76 3666 180 3735 ‘tuque
203 3659 244 3722 ad
264 3660 375 3745 fugam
393 3660 526 3744 patebat
538 3660 598 3743 via,
620 3663 791 3743 erumpunt
805 3680 893 3722 arma
906 3657 1068 3742 iacientes,
