2552 4108
198 199 287 254 XXVI
592 203 819 257 aumantium,

197 340 271 396 citus
285 339 437 395 Alexandri
455 357 505 410 per
524 340 683 410 Sogdianus
701 342 813 396 deserta
829 340 931 396 itinere
949 339 1025 397 facto
1040 341 1130 396 Oxum
1148 357 1212 397 am-

197 427 262 466 nem
277 411 414 481 singulari
427 410 537 465 ratione
552 415 673 482 superat
701 412 804 467 Bessus
819 428 836 465 a
850 411 1011 482 Spitamene
1026 412 1091 468 dolo
1106 423 1212 484 captus

198 483 235 537 ad
249 482 439 537 Alexandrum
457 481 619 550 adducitur,
638 499 656 536 a
670 499 725 552 qno
740 481 865 550 Oxathri,
884 482 970 536 Darei
982 483 1072 550 fratri,
1091 484 1128 538 ad
1143 501 1210 554 sup

196 552 312 636 plicium
336 551 501 606 sumendum
524 552 653 608 traditur.
690 553 736 608 VI.
759 554 946 607 Barbarorum
969 556 999 607 et
1020 554 1209 609 Macedonum

197 639 430 749 ffiefflapror
444 625 474 703 et
494 624 659 678 reverentia
686 623 1209 750 Xissnaslfixpssrgnlatssurlges.thhlexssfn-

388 710 481 747 anaim
504 710 737 749 amnemcon.
826 711 985 750 .eeo
1104 713 1207 750 sme-

196 766 284 820 rendo
306 763 466 818 Alexander
493 780 578 834 aeger
604 780 639 819 ex
664 765 779 821 vulnus
804 782 868 820 cum
890 765 949 819 suis
970 713 1208 821 initoironsilium.

197 834 363 890 Aristander
389 836 468 889 rates
496 834 571 905 regis
598 835 738 890 voluntati
766 852 817 890 sua
843 836 1037 890 accommodat
1062 854 1207 907 responsa.

197 906 376 961 Menedemus
400 922 462 959 cum
488 905 577 975 copiis
600 905 658 960 suis
681 923 700 961 a
721 906 882 975 Spitamene
903 923 955 977 psr
978 906 1096 962 insidias
1119 907 1207 962 inter-

197 976 302 1031 ficitur:
326 977 402 1044 quod
426 975 529 1032 callide
553 975 714 1031 dissimulat
734 977 901 1033 Alexander.
942 977 1014 1032 VIII.
1032 977 1103 1032 Dum
1128 995 1207 1033 exer-

198 1047 271 1101 citus
290 1047 327 1101 ad
345 1046 451 1101 bellum
470 1046 637 1116 accingitur,
657 1048 824 1117 Scytharum
841 1047 930 1117 legati
949 1047 1103 1102 adveniunt
1121 1065 1156 1103 ao
1170 1050 1207 1104 de

197 1135 268 1242 pace
291 1116 436 1187 egregiam
460 1118 497 1173 ad
518 1117 708 1177 Alexandrum
734 1119 841 1174 bahent
866 1117 1028 1174 orationem.
1072 1119 1118 1174 IX.
1144 1119 1205 1174 Rex

211 1188 302 1258 agatis
320 1186 445 1242 dimissis
458 1188 576 1243 Tanaim
594 1191 708 1259 superat
724 1189 885 1257 bellumque
900 1189 1011 1258 Scythis
1025 1187 1123 1244 infert:
1142 1207 1207 1244 cum

199 1259 283 1314 victis
297 1257 363 1314 beni
403 1258 502 1329 eagit.
534 1259 567 1314 X.
582 1259 787 1329 Sogdianorum
799 1258 938 1315 nobilium
951 1259 1072 1316 invictus
1087 1260 1207 1315 animus.

130 1341 181 1391 328
199 1330 280 1385 Bessi
298 1347 368 1400 supp
383 1328 474 1385 'cium
509 1329 590 1385 Novo
608 1330 700 1384 milite
719 1333 838 1400 augetur
855 1329 1000 1385 exercitus.
1027 1329 1074 1386 XI.
1092 1331 1207 1385 Petram

200 1401 238 1456 ab
264 1401 395 1456 Arimara
422 1399 565 1470 Sogdiano
593 1401 749 1470 obsessam,
781 1400 838 1456 situ
864 1400 923 1457 lere
949 1399 1206 1472 inexpugnabilem,

199 1473 319 1542 occupat
336 1471 504 1526 Alexander.

588 1637 710 1696 LIBER
726 1637 809 1698 vm.

268 1755 289 1810 I.
317 1751 493 1824 Massagetis,
511 1751 608 1820 Dahis,
627 1752 776 1822 Sogdianis
795 1752 920 1809 subactis
933 1754 1054 1824 Scythae
1072 1753 1116 1808 sni
1129 1755 1207 1824 rogis

197 1825 286 1879 filiam
303 1823 461 1879 Alexandro
486 1823 566 1877 coniu
588 1840 632 1878 em
656 1823 782 1879 offerunt.
818 1823 878 1878 Rex
897 1824 1001 1879 Clitum
1023 1824 1054 1879 in
1077 1824 1207 1880 convivio

197 1895 315 1950 liberius
342 1895 468 1949 locutum
494 1841 634 1949 intericit.
675 1895 707 1948 H.
744 1894 812 1949 Sera
837 1895 990 1949 Alexandri
1016 1895 1206 1965 paenitentia:

197 1981 347 2035 prosperae
357 1965 458 2020 deinde
469 1965 661 2034 expeditiones
674 1965 807 2019 adversus
818 1965 983 2020 Bactrianos
1001 1966 1161 2036 transfugas
1177 1969 1207 2021 et

198 2035 384 2090 Sisimithren.
416 2035 549 2105 Philippi,
569 2035 754 2090 strenuissimi
771 2035 893 2103 iuvenis,
918 2039 947 2091 et
963 2035 1084 2106 Erigyii,
1109 2035 1206 2091 claris-

198 2105 264 2160 simi
281 2105 373 2172 ducis,
393 2105 495 2160 obitus.
531 2105 577 2160 HI.
615 2105 785 2175 Spitamenis
811 2123 926 2161 uxorem
949 2105 1091 2162 interfecti
1109 2107 1206 2162 mariti

198 2178 283 2246 caput
301 2175 474 2230 adferentem
492 2174 650 2230 Alexander
667 2175 767 2230 castris
786 2177 917 2232 excedere
936 2177 1027 2232 iubet:
1045 2177 1206 2246 provincias

199 2247 335 2314 quasdam
363 2263 381 2300 a
406 2245 611 2316 praefectorum
634 2263 746 2300 suorum
771 2247 965 2302 vexationibus
987 2247 1121 2304 vindicat.
1158 2249 1205 2304 IV.

197 2317 321 2388 trigoris
339 2315 470 2370 miniari
483 2333 572 2386 paene
591 2317 757 2386 opprimitur
766 2318 903 2372 exercitus
913 2318 1093 2389 Gazabam(l)
1114 2318 1205 2373 aditu-

197 2407 252 2443 rus.
285 2387 438 2443 Alexandri
456 2387 617 2442 constantia
633 2393 663 2442 et
675 2405 744 2457 erga
756 2387 876 2443 militem
890 2389 1061 2444 humanitas:
1080 2389 1205 2444 eiusdem

198 2460 320 2528 Oxyarte
333 2458 460 2513 infidam
474 2459 586 2527 recepto
601 2474 664 2512 cum
672 2459 787 2513 Roxane
799 2459 1016 2515 matrimonium.
1048 2459 1081 2515 V.
1092 2459 1205 2530 Cogita

197 2530 323 2585 tionibus
341 2529 372 2584 in
389 2528 496 2584 bellum
514 2528 641 2583 Indicum
659 2529 746 2584 versis
760 2530 937 2585 adulatorum
950 2531 1048 2585 fraude
1061 2530 1205 2599 nimiaque

198 2601 330 2671 superbia
354 2601 444 2655 elatus
463 2599 621 2654 Alexander
645 2617 723 2654 more
740 2600 887 2655 Persarum
903 2601 1072 2656 Macedonas
1090 2618 1204 2656 venera-

196 2673 307 2726 bundos
326 2671 419 2741 ipsum
437 2670 560 2725 salutare
579 2669 669 2738 iubet,
689 2671 764 2739 quod
783 2671 863 2741 gravi
877 2671 1003 2726 oratione
1018 2671 1205 2727 Callisthenes

198 2742 337 2812 inprobat.
374 2741 421 2796 VI.
453 2741 495 2795 Ex
523 2741 680 2811 ignominia
702 2741 865 2809 Hermolao,
890 2741 981 2796 nobili
1002 2759 1101 2813 puero,
1123 2742 1206 2796 illata

196 2812 323 2868 nascitur
340 2812 371 2865 in
389 2814 474 2881 caput
486 2810 639 2866 Alexandri
653 2812 822 2867 coniuratio:
841 2830 897 2882 qua
908 2813 1020 2869 detcota
1034 2831 1097 2868 cum
1110 2816 1205 2868 aucto·

197 2883 274 2938 ribus
300 2882 413 2937 sceleris
435 2883 568 2938 innocens
588 2881 773 2937 Callisthenes
791 2882 822 2937 in
840 2882 952 2938 vincula
969 2884 1112 2939 conicitur.
1145 2884 1204 2939 VH.

196 2953 229 3009 In
242 2952 395 3008 Alexandri
410 2952 569 3022 superbiam
583 2955 612 3007 et
626 2953 821 3008 crudelitatem
834 2953 984 3021 invehitur,
1004 2954 1205 3010 Callisthenem

198 3024 360 3091 defendens,
379 3023 551 3079 Hermolaus.
598 3024 669 3078 VIII.
698 3023 848 3079 Hermolao
865 3025 1024 3080 Alexander
1041 3026 1204 3095 respondet:

198 3094 400 3150 Callisthenem
419 3098 448 3148 et
465 3094 589 3162 reliquos
608 3094 766 3148 coniuratos
791 3095 886 3150 necari
903 3095 990 3150 iubet.
1035 3095 1081 3151 IX.
1112 3096 1145 3150 In
1162 3096 1205 3150 In-

197 3165 275 3220 diam
292 3168 387 3220 movct
399 3164 565 3220 Alexander.
596 3164 718 3219 Disserit
736 3165 846 3220 Curtius
865 3165 900 3220 de
917 3166 1014 3220 Indiae
1032 3165 1097 3233 situ,
1116 3165 1205 3220 flumi-

196 3237 294 3303 nibus,
314 3235 386 3290 caeli
400 3234 547 3305 temperie,
564 3235 740 3303 animalibus,
760 3236 868 3305 opibus,
888 3236 923 3290 de
938 3237 1069 3291 Indorum
1081 3236 1205 3307 ingenio,

131 3313 181 3364 327
199 3324 297 3377 regum
310 3306 428 3372 luxuria,
443 3306 736 3382 gymnosophistarum
745 3306 805 3360 vita
815 3323 847 3360 ac
861 3306 1007 3376 sapientia.
1040 3307 1073 3362 Χ.
1086 3307 1205 3362 Alexan-

199 3378 250 3432 der
277 3377 374 3432 Indiae
402 3376 442 3431 cis
469 3377 569 3431 Indum
596 3377 708 3446 regulos
730 3376 879 3431 nonnullos
903 3377 960 3431 sibi
981 3381 1157 3433 occurrentes
1176 3379 1205 3432 in

198 3449 283 3503 tidem
301 3447 410 3518 recipit,
428 3447 521 3502 varias
539 3447 622 3502 urbes
642 3449 672 3502 et
688 3447 816 3517 regiones
831 3447 1003 3503 deditionem
1017 3449 1205 3504 detrectantes

199 3521 349 3645 {inpugnat
358 3519 398 3644 Iissa
415 3519 596 3644 Mffssgmfi
609 3517 756 3642 obsidiope
769 3517 931 3643 mtineraiim
946 3535 976 3600 se
990 3519 1205 3644 essbhHminilm

212 3608 313 3646 aur.
398 3606 542 3645 ,rem
596 3606 716 3644 orame
776 3604 863 3643 eam
917 3605 1041 3644 ornma
1114 3607 1206 3645 erce

200 3663 304 3716 frustra
323 3660 391 3715 olim
409 3661 552 3715 obsessam
570 3663 636 3730 post
652 3606 881 3713 multosplabores
895 3659 1009 3713 tandem
1023 3659 1052 3712 in
1067 3660 1205 3715 dicionem
