2582 4098
284 167 538 226 fflsroulaaun
558 167 775 224 ALEXANDRI
792 168 839 238 VI,
859 175 884 226 b.
1021 170 1083 236 127

77 311 317 415 ᾶθῑιαᾶευονῇὺε
345 312 475 397 eiusque
498 313 637 377 maxime
659 314 807 401 precibus
830 317 938 379 motus
961 313 1085 380 Nabar-

11 422 148 554 wzanl
164 404 327 571 ligrldijlbt
357 511 454 572 supra
485 489 606 554 dictum
637 493 704 572 est,
732 488 915 572 Hyrcaniae
947 490 1086 556 finitima
1103 506 1138 554 as

75 597 157 662 gens
181 578 396 660 Amazonum,
424 578 508 642 circa
536 577 776 643 Thermodonta
803 600 929 643 amnem
958 579 1087 644 Themi·

74 686 189 750 eoyree
211 665 421 730 incolentium
448 686 586 749 campos.
631 665 789 750 Reginam
816 666 981 732 hebebant
1002 667 1087 732 'I'hu-¹
1103 682 1139 731 ss

73 753 206 837 lestrin,
235 753 386 818 omnibus
415 754 501 818 inter
528 751 706 819 Caucasum
733 759 876 820 montem
904 760 937 821 et
963 755 1085 821 Phasin

75 863 205 908 amnem
223 841 474 925 imperitantem.
509 839 599 906 Haec
616 842 764 924 cupidine
782 842 907 908 risendi
925 844 1012 929 regis
1035 865 1086 909 aa·

76 951 174 995 censa
200 929 318 994 finibus
345 929 437 1014 regni
465 930 515 994 sui
538 931 675 994 excessit
696 936 741 1014 et,
773 952 844 995 cum
867 931 952 996 haud
974 933 1086 1016 procul

75 1019 215 1102 abesset,
237 1018 405 1101 praemisit
427 1017 615 1100 indicantes,
638 1019 763 1082 venisse
785 1019 933 1102 reginam
951 1020 1086 1086 adeundi
1110 1075 1113 1082 .

74 1107 145 1172 eius
166 1105 440 1190 cognoscendique
462 1106 598 1170 avidam.
642 1105 793 1171 Protinus
815 1106 903 1172 facta
924 1112 1086 1191 potestate
1105 1127 1139 1174 ‘ro

74 1194 237 1276 veniendi,
259 1195 373 1260 ceteris
396 1194 493 1259 iussis
516 1193 700 1277 subsistere,
722 1195 876 1260 trecentis
893 1195 1087 1262 feminarum

73 1283 233 1364 comitata
267 1281 432 1366 processit.
485 1281 593 1364 Atque
624 1285 662 1346 ut
689 1283 829 1366 primum
860 1304 917 1348 rex
948 1283 984 1349 in
1015 1307 1087 1351 con·

74 1375 191 1456 spectu
217 1369 294 1455 fuit,
325 1391 406 1455 equo
436 1371 507 1454 ipsa
533 1370 663 1435 desiluit
690 1368 770 1436 dubs
797 1370 927 1437 lanceas
954 1371 1087 1437 dextere

69 1459 271 1545 praeferens.
320 1457 431 1524 Vestis
457 1478 524 1523 non
549 1462 620 1522 toto
646 1459 848 1525 Amazonum
874 1460 1005 1544 corpori
1030 1462 1086 1526 ob·
1105 1477 1138 1528 2⁷

69 1547 219 1612 ducitur:
249 1567 327 1611 nam
353 1547 447 1612 laeva
474 1567 549 1628 pars
576 1546 616 1611 ad
644 1554 755 1630 pectus
783 1551 833 1612 est
854 1548 954 1632 nude,
981 1551 1111 1615 cetera·

70 1634 195 1701 deinde
218 1635 376 1701 velantur.
419 1633 488 1700 Nec
509 1637 619 1699 tamen
642 1635 729 1700 sinus
753 1636 861 1718 vestis,
884 1658 980 1720 quem
1002 1637 1085 1700 nodo

70 1723 251 1808 eolligunt,
282 1723 368 1788 infra
395 1742 501 1806 genua
526 1722 698 1788 descendit.
746 1723 860 1788 Altera
891 1724 1015 1808 papilla
1041 1726 1087 1788 in·
1105 1745 1139 1793 aa

69 1815 165 1877 tacta
204 1815 363 1894 servatur,
400 1831 465 1895 qua
500 1811 666 1876 muliebris
704 1833 798 1877 sexus
829 1812 950 1877 liberos
983 1813 1086 1878 alent:

71 1900 224 1964 aduritur
252 1898 396 1978 dextera,
426 1900 464 1962 ut
490 1919 583 1962 arcus
609 1898 738 1964 facilius
765 1900 934 1965 intendent
961 1903 994 1964 et
1020 1901 1088 1965 tela

70 1988 214 2053 vibrent.
269 1985 421 2051 Interrito
460 1987 550 2051 vultu
585 2006 694 2071 regem
727 1987 907 2053 Thalestris
939 1988 1086 2054 intueba-
1104 2011 1136 2059 aa

70 2081 144 2159 tur,
173 2074 323 2138 habitum
354 2075 420 2139 eius
443 2074 690 2158 haudquaquam
712 2097 819 2141 rernm
842 2076 948 2142 famae
974 2099 1087 2160 parem

71 2163 178 2229 oculis
212 2164 424 2245 perlustrans:
457 2164 575 2246 quippe
602 2164 750 2229 omnibus
778 2165 926 2230 barbaris
957 2166 993 2231 in
1021 2188 1086 2232 cor-

70 2273 193 2337 porum
216 2251 387 2316 maiestate
409 2253 572 2315 veneratio
601 2255 651 2316 est
677 2272 932 2338 magnorumque
954 2276 1086 2339 operum

70 2362 142 2405 non
173 2338 256 2404 alios
286 2359 418 2422 capaces
446 2343 575 2423 putant,
603 2361 701 2424 qnam
728 2363 808 2424 quos
836 2343 954 2406 eximia
980 2342 1086 2426 speeie

72 2429 195 2493 donare
218 2431 336 2492 natura
353 2427 488 2510 dignata
506 2433 564 2493 est.
609 2427 760 2494 Ceterum
777 2431 986 2514 interrogata,
1008 2452 1086 2494 num
1106 2452 1140 2499 3⁰

74 2516 200 2601 aliquid
219 2519 331 2599 petere
348 2516 454 2596 vellet,
465 2515 558 2579 vhaud
576 2514 737 2583 dubitavit
748 2517 845 2582 fateri
859 2516 899 2580 ad
913 2519 1086 2581 communi·

73 2605 196 2671 candos
219 2623 292 2667 cnm
319 2623 395 2687 rege
423 2603 543 2668 liberos
567 2606 764 2689 sevenisse,
790 2605 936 2689 dignam,
963 2625 1087 2688 exque

72 2695 147 2778 ipse
169 2691 261 2776 regni
285 2695 455 2774 generaret
476 2691 622 2757 heredes:
645 2693 792 2756 feminini
815 2714 909 2756 sexus
928 2714 962 2757 se
981 2697 1085 2757 reten-

71 2787 198 2864 turam,
222 2801 346 2843 marem
366 2779 566 2844 reddituram
588 2782 683 2863 patri.
728 2780 924 2861 Alexander,
949 2802 992 2845 an
1014 2803 1086 2846 cum

72 2870 149 2954 ipso
173 2867 316 2932 militare
338 2867 450 2949 vellet,
475 2869 666 2952 interrogat.
709 2867 754 2932 Et
775 2868 833 2933 illa
855 2874 995 2953 causata,
1018 2870 1087 2934 sine
1106 2892 1138 2940 31

72 2957 210 3022 custode
234 2974 370 3039 regnum
392 2956 573 3038 reliquisse,
595 2959 705 3038 petere
728 2955 968 3040 perseverabat,
989 2979 1031 3023 ne
1053 2980 1088 3023 se

73 3047 210 3110 inritam
253 3045 322 3127 rpei
360 3044 449 3109 abire
485 3048 659 3127 pateretur.
715 3045 831 3111 Acrior
867 3046 907 3110 ad
940 3067 1140 3116 veneremur

72 3134 215 3199 feminee
240 3132 356 3215 cupido
376 3155 473 3216 quam
491 3133 587 3216 regis,
609 3136 646 3196 ut
665 3154 784 3217 paucos
803 3134 869 3200 dies
888 3134 1088 3218 subsisteret,

73 3223 229 3307 perpulit
279 3238 344 3284 xm
376 3221 444 3284 dies
471 3221 504 3284 in
538 3221 729 3304 obsequium
761 3222 912 3288 desiderii
938 3223 1005 3288 eius
1034 3223 1087 3287 ab·

74 3311 198 3395 sumpti
223 3312 308 3373 sunt.
349 3307 433 3374 'lum
456 3309 513 3372 illa
536 3327 671 3391 regnum
690 3332 792 3398 suum,
812 3333 869 3377 rex
891 3310 1087 3378 Parthienen

71 3401 269 3487 petiverunt
