2686 4096
228 194 291 258 176
595 195 627 262 Q.
646 194 755 250 CURTI
772 193 858 249 RUFI

111 419 114 424 Ι
174 358 208 408 20
227 360 340 404 avaras
359 343 392 405 et
404 339 606 404 insatiabiles
621 360 734 403 manus
751 337 900 422 porrigis.
932 335 1014 412 Quid
1028 336 1089 401 tibi
1103 337 1233 402 divitiis

227 448 306 510 opus
334 431 397 510 eat,
428 449 509 510 quae
536 427 654 491 esurire
679 433 715 490 te
742 426 881 509 cogunt?
929 424 1057 489 Primus
1085 426 1236 490 omnium
1322 479 1323 496 ,

228 515 377 580 satietate
395 514 519 599 parasti
537 514 668 598 famem,
684 518 734 595 nt,
752 536 815 598 quo
833 513 928 596 plura
944 512 1095 596 haberes,
1114 514 1236 598 acrius,
1322 565 1323 598 ÷

174 621 208 672 21
227 625 308 687 quae
326 625 391 668 non
408 603 521 685 habes,
539 624 678 686 cuperes.
714 599 789 666 Non
807 599 963 666 succurrit
980 600 1053 685 tibi,
1075 601 1234 685 quamdiu
1322 603 1323 610 ’

227 692 345 756 circum
371 690 488 754 Bactra
513 689 668 754 haereas?
700 690 776 754 dum
802 689 876 753 illos
904 688 1041 773 subigis,
1073 687 1236 774 Sogdiani
1322 729 1323 732 =

226 778 347 844 bellare
377 781 558 862 coeperunt
606 777 734 842 Bellum
759 777 822 842 tibi
849 798 887 841 ex
913 776 1050 841 victoria
1075 778 1234 844 nascitur.
1322 823 1323 864 ,

226 865 311 930 Nam
338 868 375 930 ut
396 867 500 931 maior
523 866 699 950 fortiorque
722 865 766 930 sis
790 887 887 949 quam
910 865 1091 948 quisquam,
1117 867 1233 931 tamen

175 973 208 1022 aa
228 953 439 1038 alienigenam
466 954 630 1019 dominum
656 954 726 1037 pati
751 974 846 1018 nemo
870 953 948 1017 vult.
992 952 1110 1017 Transi
1131 952 1286 1019 mod035
1322 949 1323 956 '

227 1041 366 1106 Tanain:
397 1043 492 1124 scies,
524 1064 620 1127 quam
646 1042 713 1106 late
739 1044 884 1125 pateant,
914 1062 1090 1126 numquam
1116 1045 1234 1108 tamen
1322 1083 1323 1088 κ

227 1130 430 1214 consequeris
458 1128 604 1214 Scythas.
652 1128 829 1212 Paupertas
859 1132 973 1193 nostra
998 1129 1139 1194 velocior
1166 1132 1235 1195 erit

227 1239 323 1300 quam
342 1218 497 1283 exercitus
516 1223 600 1300 tuus,
622 1219 676 1302 qui
698 1216 851 1300 praedam
871 1219 923 1282 tot
940 1216 1106 1281 nationum
1127 1217 1230 1284 vehit

175 1325 208 1374 aa
226 1306 365 1391 Rursus,
387 1328 459 1371 cum
481 1305 592 1390 procul
615 1307 726 1370 abesse
743 1325 803 1370 nos
821 1305 943 1388 credes,
964 1303 1088 1370 videbis
1106 1305 1139 1370 in
1160 1305 1229 1370 tuis

228 1395 351 1459 castris.
387 1393 510 1459 Eadem
524 1395 609 1458 enim
623 1393 792 1458 velocitate
807 1396 840 1457 et
855 1394 1018 1477 sequimur
1032 1396 1065 1457 et
1077 1392 1229 1477 fugimus.

228 1480 420 1566 Scytharum
444 1482 632 1547 solitudines
655 1481 786 1546 Graecis
809 1481 908 1546 etiam
930 1481 1109 1564 proverbiis
1132 1483 1228 1548 audio

174 1589 208 1638 al
227 1571 321 1635 eludi.
365 1568 412 1634 At
434 1592 492 1636 nos
515 1570 641 1634 deserta
664 1573 697 1633 et
722 1569 862 1633 humano
885 1569 974 1633 cultu
999 1591 1101 1634 vacua
1121 1570 1228 1655 magis

227 1681 323 1742 quam
354 1657 449 1723 urbes
480 1661 513 1722 et
545 1658 713 1741 opulentos
747 1676 842 1741 agros
871 1653 1039 1741 sequimur.
1087 1656 1227 1723 Proinde

226 1745 402 1811 Fortunam
424 1750 513 1811 tuam
536 1744 655 1830 pressis
677 1745 825 1810 manibus
847 1747 934 1810 tene:
957 1745 1082 1810 lubrica
1099 1751 1149 1811 est
1167 1768 1228 1812 nec

225 1834 329 1900 invita
346 1835 448 1899 teneri
470 1838 587 1917 potest.
628 1831 760 1898 Salubre
781 1832 951 1897 consilium
973 1853 1108 1918 sequens
1131 1856 1227 1919 quam

226 1943 377 2005 praesens
395 1926 523 2005 tempus
540 1922 688 1987 ostendet
705 1921 834 1985 melius:
852 1922 969 2004 inpone
986 1921 1135 1986 felicitati
1152 1927 1227 1988 tuae

174 2030 208 2078 as
227 2011 347 2092 frenos,
364 2010 491 2074 facilius
509 2011 601 2074 illam
616 2029 717 2094 reges.
752 2007 865 2074 Nostri
883 2009 951 2073 aine
969 2010 1103 2093 pedibus
1116 2009 1227 2076 dieunt

227 2118 296 2162 esse
309 2096 486 2162 Fortunam
505 2099 600 2182 [quae
623 2118 736 2161 manus
758 2100 792 2161 et
812 2097 926 2180 pinnas
949 2100 1077 2162 tantum
1099 2097 1225 2181 habet]:

227 2207 299 2249 cum
335 2206 448 2248 manus
489 2185 639 2270 porrigit,
679 2185 794 2268 pinnas
836 2206 961 2268 quoque
994 2186 1225 2269 conprehende.

141 2352 143 2360 Α
174 2293 208 2342 26
226 2273 369 2356 Denique
388 2271 508 2337 sidens
527 2294 571 2354 es,
587 2273 728 2337 tribuere
743 2273 934 2338 mortalibus
952 2273 1107 2339 beneficia
1120 2275 1225 2359 debes,

225 2383 291 2426 non
305 2382 363 2426 sua
378 2360 511 2443 eripere:
534 2362 585 2425 sin
599 2363 707 2424 autem
720 2361 817 2426 homo
832 2382 875 2443 es,
893 2361 926 2424 id
941 2361 1024 2445 quod
1039 2383 1083 2446 ea,
1101 2383 1226 2448 semper

227 2471 296 2514 esse
317 2453 351 2514 te
369 2449 487 2533 cogita.
523 2447 663 2514 Stultum
681 2452 732 2514 est
750 2469 859 2512 eorum
877 2449 1072 2534 meminisse,
1094 2454 1227 2535 propter

173 2559 206 2608 as
226 2560 308 2623 quae
338 2539 386 2604 tui
416 2537 625 2603 obliviscaris.
675 2536 797 2613 Quibus
829 2536 949 2601 bellum
980 2559 1046 2602 non
1072 2537 1227 2623 intuleris,

224 2627 318 2692 bonis
337 2627 449 2692 amieis
471 2627 591 2709 poteris
614 2625 671 2690 uti.
706 2623 792 2689 Nam
815 2628 847 2688 et
869 2625 1054 2690 firmissima
1071 2629 1121 2691 est
1142 2627 1226 2692 inter

225 2736 319 2798 pares
339 2715 481 2780 amicitia
497 2718 530 2780 et
542 2714 691 2778 videntur
708 2733 811 2796 pares,
825 2713 879 2796 qui
896 2734 962 2777 non
979 2713 1124 2779 fecerunt
1142 2715 1226 2780 iuter

173 2822 207 2871 28
227 2823 260 2866 se
282 2803 460 2885 periculum
485 2802 611 2866 virium.
656 2800 742 2877 Quos
769 2801 898 2884 viceris,
925 2801 1045 2867 amicos
1071 2802 1134 2867 tibi
1156 2825 1226 2869 essa

226 2910 301 2953 cave
325 2890 449 2956 credas:
475 2891 560 2955 inter
582 2889 745 2954 dominum
768 2894 801 2953 et
824 2911 950 2954 serrum
970 2890 1061 2954 nulla
1083 2891 1226 2956 amicitia

173 2997 206 3046 29
226 2981 283 3060 est,
302 2978 399 3043 etiam
417 2980 451 3042 in
468 3000 546 3061 pace
564 2977 643 3043 belli
660 2980 770 3042 tamen
787 2977 858 3041 iura
877 2981 1054 3043 servantur.
1087 2977 1225 3044 Iurando

225 3066 365 3150 gratiam
388 3063 524 3149 Scythas
547 3067 671 3130 sancire
692 3086 733 3129 ne
757 3064 942 3130 credideris:
970 3066 1102 3131 colendo
1130 3066 1227 3132 fidem

225 3155 343 3219 iurant.
393 3151 587 3218 Graecorum
618 3153 684 3218 ista
711 3153 817 3219 cautio
847 3155 909 3237 est,
940 3153 995 3238 qui
1025 3159 1122 3238 pacta
1152 3176 1226 3221 con-

225 3242 356 3325 signant
378 3247 411 3306 et
434 3241 510 3306 deos
533 3243 696 3306 invocant:
719 3262 778 3305 nos
801 3241 992 3324 religionem
1014 3243 1048 3306 in
1072 3243 1142 3326 ipsa
1163 3243 1227 3309 fide

224 3331 381 3411 ponimus.
430 3329 492 3406 Qui
518 3351 583 3394 non
609 3332 794 3394 reverentur
816 3328 975 3413 homines,
995 3329 1120 3394 'fallunt
1140 3331 1227 3397 deos.

224 3415 293 3481 Nec
317 3417 377 3481 tibi
396 3418 499 3484 amico
515 3438 593 3500 opus
610 3420 670 3500 est,
689 3417 728 3482 de
747 3417 835 3481 cuius
854 3417 1072 3483 benivolentia
1091 3419 1229 3486 dubites.

172 3524 206 3573 ao
226 3503 373 3570 Ceterum
400 3527 459 3570 nos
483 3509 515 3569 et
542 3505 638 3568 Asiae
667 3509 700 3569 et
725 3504 875 3588 Europae
903 3505 1050 3571 custodes
1076 3506 1229 3573 habebis:

224 3592 356 3672 Bactra,
374 3594 436 3658 nisi
455 3593 579 3658 dividat
596 3592 727 3675 Tanais,
745 3594 977 3679 contingimus:
994 3594 1080 3660 ultra
1099 3594 1232 3662 Tanain
