2602 4094
265 218 518 274 HISTORIARUM
536 219 749 275 ALEXANDRI
766 220 800 290 X,
819 227 843 276 2.
862 226 887 276 3.
1015 219 1080 284 265

70 361 194 446 cipient
215 367 366 447 parentes
394 364 552 448 liberique
579 365 649 430 siue
671 369 778 430 vestro
801 386 876 450 rege
903 365 1081 450 redeuntes,

70 451 202 516 obviam
224 451 318 518 ibunt
338 452 556 519 desertoribus
572 452 827 539 transfugisquel
858 453 1079 537 Triumphabo
1098 465 1132 514 29

70 539 255 607 mehercule
277 539 417 624 defuga
440 545 547 607 vestra
569 546 611 626 et,
633 541 826 625 ubicumque
845 563 908 626 ero,
931 545 1080 625 expetam

69 646 194 712 poenas
216 627 290 712 hos,
313 649 385 693 cum
408 630 526 713 quibus
549 651 600 694 me
620 630 815 714 relinquitis,
837 629 971 695 colendo
989 651 1081 714 prae·

68 715 266 801 serendoque
297 710 398 782 vdbis.
451 715 522 782 Iam
557 722 666 783 autem
697 719 819 801 scietis,
855 722 889 784 ct
925 723 1080 804 quantum

71 804 144 870 sine
165 825 242 890 rege
264 806 372 870 valeat
394 807 552 870 exercitus
571 810 604 871 et
623 806 700 890 quid
723 807 793 890 opis
811 806 847 871 in
864 829 915 872 me
933 829 997 872 uno
1017 804 1079 872 sit?

24 890 61 957 11
70 889 216 960 Desiluit
246 893 361 959 deinde
393 893 544 959 frendens
571 895 609 959 de
636 895 793 959 tribunali
819 899 853 961 et
879 897 914 961 in
940 895 1080 961 medium
1099 907 1132 956 30

71 986 272 1047 armatorum
303 1003 420 1067 agmen
451 1004 485 1047 se
517 983 666 1066 immisit,
699 987 830 1048 notatos
857 1005 997 1069 quoque,
1026 985 1080 1069 qui

70 1069 271 1136 ferocissime
302 1071 447 1135 oblocuti
479 1076 584 1154 erant,
621 1071 765 1155 singulos
797 1093 893 1136 manu
925 1073 1081 1156 corripuit

71 1178 132 1225 nec
155 1180 251 1223 ausos
274 1179 453 1244 repugnare
476 1177 541 1224 xm
564 1159 780 1224 adservandos
805 1159 990 1225 custodibus
1014 1183 1080 1227 cor·

71 1247 162 1332 poris
184 1246 327 1312 tradidit

497 1387 576 1454 ors.
599 1388 657 1454 ΙΙΙ

161 1510 242 1588 Quis
269 1512 413 1578 crederet
439 1534 568 1579 saevam
595 1513 693 1596 paulo
721 1517 797 1578 ante
819 1513 1003 1579 contionem
1025 1514 1115 1579 ob·1

72 1601 235 1683 torpuisse
252 1602 359 1666 subito
373 1603 483 1667 metu?
512 1603 582 1683 [Et]
598 1624 670 1667 cum
689 1602 730 1666 ad
744 1601 939 1687 supplicium
956 1601 1080 1668 videret
1098 1615 1114 1662 2
1247 1659 1251 1671 .

70 1687 163 1752 trahi
179 1687 282 1753 nihilo
301 1711 397 1755 ausos
415 1690 567 1774 graviora
586 1711 683 1774 quam
699 1694 832 1772 ceteros,
851 1691 918 1756 sive
930 1692 1080 1776 nominis,
1098 1703 1114 1751 3

73 1775 160 1861 quod
183 1781 309 1860 gentes,
332 1799 413 1861 quae
430 1784 505 1843 suat
521 1779 581 1842 sub
599 1779 744 1864 regibus,
762 1780 847 1843 inter
865 1780 942 1845 deos
961 1779 1080 1862 colunt,

74 1867 141 1929 sive
172 1865 304 1948 propria
334 1867 437 1948 ipsius
468 1867 646 1949 veneratio,
678 1867 745 1932 sive
776 1867 894 1932 fiducia
924 1872 1017 1932 tanta
1047 1869 1080 1933 vi

73 1955 249 2017 exercentis
280 1954 452 2037 imperium
484 1955 659 2019 conterruit
690 1977 758 2020 eos:
795 1956 960 2041 singulare
992 1961 1114 2022 certes

74 2042 241 2106 ediderunt
267 2043 444 2125 patientiae
472 2045 654 2126 exemplum
681 2042 825 2129 adeoque
847 2065 913 2109 non
931 2050 1007 2110 sunt
1029 2066 1079 2110 ac·

74 2130 160 2195 censi
183 2131 341 2214 supplicio
365 2132 634 2215 commilitonum,
658 2153 730 2196 cum
753 2133 812 2197 sub
835 2136 964 2199 noctem
982 2135 1079 2198 inter-

71 2219 175 2283 fectos
189 2239 260 2283 esse
274 2225 475 2304 cognossent,
491 2224 528 2284 ut
541 2220 623 2284 nihil
638 2221 814 2304 omiserint,
832 2221 917 2304 quod
932 2223 1078 2307 [singuli]

72 2307 179 2392 magis
202 2307 410 2372 oboedienter
433 2313 466 2372 et
487 2309 541 2392 pie
563 2311 714 2374 facerent.
744 2308 830 2374 Nam
854 2332 927 2376 oum
948 2317 1114 2394 posteros

73 2396 125 2460 die
148 2395 307 2478 prohibiti
328 2396 418 2460 aditu
440 2398 526 2481 regis
550 2402 658 2463 essent
674 2398 827 2464 Asiaticis
850 2398 946 2463 modo
968 2399 1080 2463 militi·

71 2484 134 2548 bus
153 2482 310 2568 admissis,
329 2485 500 2568 lugubrem
518 2488 599 2550 totis
618 2487 735 2551 castris
754 2487 880 2550 edidere
898 2487 1079 2569 clamorem,

72 2572 301 2637 denuntiantes
319 2574 468 2655 protinus
488 2596 557 2640 esse
575 2575 758 2659 morituros,
777 2575 805 2638 si
822 2595 878 2639 rex
896 2595 1079 2656 persevera-

28 2660 123 2726 llret
145 2661 249 2726 irasci.
294 2659 342 2726 At
363 2662 419 2726 ille
441 2665 617 2746 pervicacis
641 2662 681 2726 ad
704 2662 825 2745 omnia,
852 2683 934 2747 quae
957 2663 1078 2747 agitas·
1097 2675 1114 2724 6

72 2752 135 2832 set,
164 2749 265 2828 animi
290 2751 534 2834 peregrinorum
557 2751 698 2816 militam
725 2751 907 2816 contionem
929 2749 1079 2816 advocari

70 2839 164 2902 iubet
184 2837 413 2903 Macedonibus
436 2839 523 2904 intra
546 2844 653 2904 castra
675 2839 826 2903 cohibitis
850 2843 895 2924 et,
920 2861 993 2905 cum
1017 2840 1078 2904 fre·

71 2931 207 3011 quentes
231 2928 385 3008 coissent,
411 2928 556 2992 adhibito
580 2929 754 3010 interprete
777 2928 877 2992 talem
900 2930 1078 2994 orationem

71 3015 200 3079 habuit:
231 3014 323 3081 ‘Cum
347 3037 387 3080 ex
408 3014 540 3101 Europa
562 3017 731 3080 traicerem
753 3017 788 3079 in
809 3016 936 3102 Asiam,
960 3019 1078 3082 multas
1098 3030 1113 3078 '1

72 3103 198 3168 nobiles
231 3109 356 3188 gentes,
385 3124 538 3188 magnam
565 3105 631 3169 vim
658 3104 823 3169 hominum
847 3105 983 3190 imperio
1006 3127 1079 3171 meo

73 3213 125 3257 me
144 3193 328 3258 additurum
346 3213 415 3257 esse
434 3193 613 3276 sperabam.
644 3192 713 3258 Nec
730 3193 881 3277 deceptus
896 3216 975 3277 sum,
994 3195 1078 3279 quod
1097 3204 1113 3254 8

74 3280 112 3346 de
134 3281 188 3346 his
215 3281 334 3346 credidi
358 3281 472 3346 famae.
518 3281 580 3348 Sed
603 3282 643 3346 ad
665 3283 723 3346 illa
744 3282 807 3348 hoc
830 3304 954 3368 quoque
977 3303 1080 3348 acces·

73 3370 130 3455 sit,
160 3371 245 3455 quod
262 3370 356 3435 video
377 3370 478 3435 fortes
497 3371 583 3436 viros
601 3377 631 3436 ct
647 3390 726 3453 erga
742 3392 835 3456 reges
854 3393 928 3436 suos
946 3371 1078 3454 pietatis

72 3458 222 3524 invictae.
257 3457 350 3524 Luxu
373 3459 482 3524 omnia
505 3459 602 3524 fluere
622 3459 817 3524 credideram
836 3462 872 3523 et
885 3460 986 3525 nimia
1007 3461 1113 3525 feli-e

73 3547 170 3613 citate
189 3548 295 3633 mergi
311 3549 347 3612 in
364 3549 557 3632 voluptates.
588 3549 635 3612 At
651 3547 796 3614 hercules
815 3548 926 3614 munia
942 3549 1079 3614 militiae

71 3633 133 3700 hoc
170 3637 351 3702 animorum
394 3658 626 3721 corporumque
666 3636 781 3702 robore
818 3658 918 3720 aeque
950 3637 1078 3724 inpigre
