2582 4098
216 163 259 228 96
584 166 615 233 Q.
635 166 745 222 CUltTI
762 166 849 222 RUFI

213 310 367 375 beneficio
390 311 476 396 regis
500 332 644 375 usurum:
667 311 695 375 si
713 331 793 396 quos
811 310 1013 375 contubernii
1029 311 1232 378 hberorum·

214 420 288 483 que,
311 421 390 484 quos
414 397 551 463 servitus
574 399 732 483 eotgisset
754 398 957 483 adgnoscere,
982 421 1074 464 amor
1097 401 1232 465 detine-

162 506 195 555 21
214 491 271 571 ret,
293 487 516 570 relinquerent,
538 486 652 575 quibus
674 487 755 551 nihil
776 487 880 570 patria
902 487 1006 552 carius
1025 492 1084 556 est
1123 488 1228 554 Pauci

213 575 308 640 huius
344 573 522 639 sententiae
557 573 659 639 fuere:
700 578 821 640 ceteros
857 575 1066 662 consuetudo,
1101 581 1230 642 natura

78 693 82 700 ·
212 663 327 746 potior,
348 662 434 727 vicit
477 659 721 746 Consenserunt,
743 662 914 746 petendum
936 684 1047 728 essee
1075 685 1167 749 rege,
1191 669 1229 730 ut

160 771 194 820 aa
214 752 354 834 aliquam
375 749 455 831 ipsis
477 749 667 814 attribueret
685 750 800 816 eedem.
835 767 856 816 c
878 751 998 816 adhoc
1016 751 1109 816 electi
1133 758 1227 818 sunt·

213 859 292 921 quos
316 835 497 901 Alexander
522 841 625 920 ratus,
656 839 740 922 quod
766 839 834 922 ipse
857 841 1019 922 praestare
1042 841 1226 925 cogitabat,

212 925 378 1009 petituros,
402 923 579 1009 ‘Iumenta',
601 926 713 1010 inquit,
736 925 923 1010 ‘adsignari
946 948 1026 1011 quaa
1044 949 1103 992 vos
1124 929 1225 994 vehe-

212 1014 298 1096 rent,
333 1016 366 1076 et
393 1012 528 1098 singulis
554 1017 695 1078 vestrum
721 1014 810 1079 milia
836 1014 1001 1078 denarium
1029 1015 1099 1079 dari
1130 1017 1225 1082 iussi.

213 1098 294 1164 (lum
316 1101 473 1166 redieritis
495 1101 531 1165 in
553 1099 729 1186 Graeciam,
750 1102 931 1186 praestabo,
952 1123 994 1168 ne
1016 1103 1071 1186 qui
1095 1107 1220 1170 statum

213 1210 317 1272 suum,
354 1189 382 1253 si
415 1189 493 1254 haec
529 1189 694 1254 calamitas
732 1190 831 1274 absit,
865 1193 972 1256 restro
1004 1190 1114 1255 credat
1149 1214 1223 1258 esse

160 1295 194 1344 re
212 1275 400 1341 meliorem'
448 1276 501 1341 Illi
533 1277 655 1342 obortis
684 1277 824 1343 lacrimis
855 1281 974 1342 terram
1005 1278 1222 1346 intuebantur

213 1385 271 1429 nec
300 1368 358 1429 aut
385 1366 505 1451 erigere
534 1365 641 1430 vultus
672 1369 728 1430 aut
757 1366 845 1451 loqui
876 1365 1049 1431 audebant:
1083 1368 1220 1434 tandem

211 1473 287 1538 rege
315 1453 465 1518 tristitiae
494 1474 623 1518 eausam
651 1455 796 1538 exigente
817 1451 998 1519 Euctemon
1025 1455 1145 1519 similia
1168 1457 1219 1541 iis,

160 1559 194 1610 24
211 1563 292 1626 quae
322 1541 358 1606 in
387 1541 519 1606 oonsilio
547 1541 681 1625 dixerat,
713 1540 885 1625 respondit.
929 1540 1037 1626 Atque
1065 1543 1120 1607 ille
1148 1565 1219 1609 non

209 1629 357 1694 fortunae
380 1629 484 1695 solum
502 1649 620 1712 eorum,
643 1630 698 1693 sed
717 1630 813 1694 etiam
830 1629 1046 1713 paenitentiae
1062 1631 1217 1698 misertus

209 1720 301 1782 terna
323 1717 411 1780 milia
433 1715 597 1780 denarium
620 1717 755 1802 cingulis
773 1718 843 1782 dari
860 1717 965 1782 iussit:
989 1718 1089 1783 denae
1108 1724 1216 1784 vestes

210 1806 351 1870 adiectae
378 1808 453 1869 sunt
480 1809 513 1870 et
539 1809 684 1868 armenta
708 1827 780 1870 cum
801 1805 969 1888 pecoribus
992 1827 1029 1870 ac
1050 1805 1215 1874 frumento

210 1892 298 1977 data,
324 1896 362 1957 ut
383 1893 445 1959 coli
467 1893 590 1978 serique
612 1894 784 1958 attributus
806 1894 846 1958 iia
869 1913 946 1978 ager
966 1897 1084 1976 posset

630 2050 708 2117 (lar.
730 2049 786 2116 VL

177 2174 190 2222 ι
297 2151 430 2218 Postero
470 2155 520 2219 die
556 2160 746 2222 convocatos
781 2155 876 2220 duces
912 2156 1075 2240 copiarum
1111 2142 1253 2242 docet2⁰

213 2241 336 2306 nullam
357 2240 555 2306 infestiorem
577 2245 689 2308 urbem
712 2243 842 2310 Graecis
865 2265 949 2328 esse,
972 2266 1067 2328 quam
1088 2246 1213 2330 regiam

209 2333 352 2396 veterum
378 2330 517 2395 Persidis
544 2351 665 2416 regum.
708 2330 794 2396 Hinc
819 2332 876 2396 illa
901 2332 1058 2396 immensa
1081 2335 1214 2417 agmina

209 2418 332 2483 infusa:
353 2417 431 2483 hinc
448 2417 587 2483 Dareum
606 2419 703 2503 prius,
725 2420 800 2484 dein
820 2418 958 2484 Xerxem
979 2418 1132 2502 Europae
1154 2423 1212 2485 im·

208 2508 298 2592 pium
332 2506 479 2572 intulisse
513 2507 641 2571 bellum.
693 2506 826 2572 Excidio
859 2507 945 2572 illius
976 2510 1212 2591 parentandum

174 2615 278 2664 aesse
305 2597 490 2662 maioribus.
533 2595 664 2679 Iamque
686 2595 815 2660 barbari
837 2595 962 2660 deserto
985 2596 1116 2680 oppido,
1149 2619 1211 2681 qua

209 2706 366 2769 quemque
388 2688 492 2751 metus
515 2684 643 2770 agebat,
673 2683 877 2768 diffugerant,
906 2704 978 2748 curn
999 2705 1056 2748 rex
1077 2685 1210 2768 phalan-

209 2792 281 2856 gem
311 2772 394 2836 nihil
424 2775 591 2838 cunctatus
622 2772 752 2837 inducit.
799 2770 920 2836 Multas
951 2772 1046 2838 urbes
1077 2773 1210 2836 refertas

209 2859 374 2944 opulentia
394 2861 484 2944 regia
505 2860 623 2943 partim
646 2863 897 2944 expugnaverat,
919 2859 1036 2942 partim
1058 2860 1094 2925 in
1116 2861 1210 2925 fidem

173 2947 1209 3120 ⁸Eltt’tttutltlllzthtlgltattitt

209 3144 322 3187 aurum
356 3125 584 3208 argentumque
617 3124 812 3188 cumulatum
843 3126 927 3207 erat,
960 3122 1060 3188 uestis
1095 3124 1208 3208 ingena

208 3211 335 3296 modus,
366 3211 508 3295 supellex
533 3233 599 3277 non
622 3212 662 3277 ad
684 3233 791 3296 usum,
821 3211 876 3276 sed
898 3210 939 3275 ad
961 3212 1208 3276 ostentationem

173 3300 301 3368 eluxus
325 3303 507 3382 conparata.
547 3300 660 3384 Itaque
681 3299 767 3364 inte1
787 3301 875 3384 ipsos
897 3299 1033 3364 victores
1056 3299 1141 3364 ferro
1165 3299 1207 3363 di·

207 3388 398 3452 micabatur:
434 3410 493 3472 pro
519 3388 612 3453 hoste
640 3391 721 3471 erat,
752 3388 807 3471 qui
832 3386 1053 3471 pretiosiorem
1076 3409 1207 3472 occupa·
1275 3437 1276 3462 ,

206 3480 297 3541 verat
318 3477 483 3560 praedam:
511 3479 544 3541 et
575 3496 646 3539 eum
674 3476 793 3560 omnia,
820 3496 901 3561 quae
922 3474 1132 3560 recipiebant,
1159 3497 1206 3540 ca·
1275 3471 1276 3514 3

206 3587 282 3649 pere
313 3587 380 3630 non
409 3567 556 3648 possent,
591 3564 656 3627 iam
686 3585 738 3628 res
767 3585 835 3628 non
866 3564 1118 3648 occupabantur,
1152 3563 1205 3628 sed
