2582 4098
223 219 286 284 132
589 220 621 284 Q.
641 219 750 274 cuam
767 219 855 274 ablu

222 364 307 448 quod
334 369 431 448 caput
458 386 550 428 suum
577 364 779 446 permisisset
806 363 881 428 fidei
909 365 1012 429 adhuc
1034 365 1227 448 inexpertae.

222 453 274 518 Ad
290 453 443 517 ultimum
456 452 596 516 aversari
614 452 717 516 scelus
735 457 994 535 perseverantem
1007 455 1126 518 mortis
1143 461 1227 518 metu

171 561 204 610 ιο
222 545 336 607 terret:
359 541 400 606 ab
423 540 481 605 illo
499 540 604 622 capite
622 539 805 605 coniuratos
828 541 1081 624 pulcherrimum
1103 543 1227 606 facinus

171 649 202 698 11
223 629 439 695 incohaturcs.
478 626 571 691 Alias
593 627 707 691 deinde
730 629 949 693 effeminatum
973 632 1006 694 et
1024 630 1227 696 muliebriter

222 717 384 799 timidum,
412 714 492 779 alias
519 715 717 798 proditorem
750 717 904 782 amatoris
931 718 1117 802 appellans,
1149 741 1227 784 nunc

222 805 366 890 ingentia
383 803 577 887 promittens
591 839 634 852 —
648 804 871 889 interdumque
888 825 1024 889 regnum
1042 828 1178 891 quoque
1191 843 1227 853 —

223 892 374 956 versabat
401 891 542 956 animum
569 896 662 957 tanto
688 892 830 957 facinore
855 895 966 975 procul
992 893 1229 960 abhorrentem.

172 979 378 1050 restrictum
404 979 516 1043 deinde
544 979 688 1064 gladium
714 981 810 1047 modo
836 981 938 1064 illius,
963 981 1059 1047 modo
1089 1005 1155 1048 suo
1183 985 1228 1048 ad·

223 1089 354 1132 movens
381 1067 507 1152 iugulo,
539 1068 674 1152 supplex
700 1068 785 1132 idem
817 1073 849 1133 et
879 1069 1029 1152 infestus,
1061 1073 1229 1155 expressit,

223 1159 259 1220 ut
285 1155 415 1220 tandem
441 1177 508 1221 non
540 1157 645 1221 solum
673 1156 851 1240 silentium,
883 1158 938 1222 sed
965 1158 1063 1222 etiam
1099 1181 1227 1244 operam

171 1265 204 1313 13
223 1243 436 1328 polliceretur.
457 1243 490 1308 N
491 1266 605 1328 amque
615 1244 741 1309 abunde
751 1247 929 1310 constantis
943 1247 1043 1310 animi
1058 1251 1092 1310 et
1106 1249 1228 1332 dignus,

223 1333 280 1485 tt
295 1332 1227 1504 Pttttttttltttt:ttttttttamttttt

170 1529 204 1578 14
222 1507 387 1574 Sciscitari
400 1509 473 1573 inde
491 1509 613 1593 pergit,
631 1530 703 1572 cum
723 1511 838 1593 quibus
851 1514 963 1575 tantae
976 1512 1024 1576 rei
1037 1514 1226 1578 societatem

222 1598 349 1663 inisset:
371 1597 546 1681 plurimum
565 1596 695 1680 referre,
718 1597 830 1681 quales
849 1598 909 1663 riri
932 1603 1001 1662 tam
1023 1602 1226 1667 memorabili

172 1706 204 1755 15
223 1687 313 1769 operi
332 1684 492 1750 admoturi
511 1706 624 1748 manus
644 1690 759 1750 essent.
794 1686 854 1750 Ille
873 1693 906 1752 et
924 1709 1032 1752 amore
1057 1693 1090 1753 et
1110 1691 1225 1755 scelere

222 1775 306 1840 male
326 1795 422 1838 sanus
446 1773 540 1838 simul
559 1772 681 1856 gratias
700 1775 784 1858 agit,
805 1775 901 1839 simul
920 1777 1122 1860 gratulatur,
1148 1776 1226 1863 quod

221 1863 408 1928 fortissimis
431 1862 580 1926 iuvenum
604 1883 671 1926 non
693 1862 875 1927 dubitasset
897 1885 931 1926 se
954 1864 1148 1948 adiungere,
1171 1865 1225 1930 Dc-

222 1951 353 2033 metrio,
372 1951 515 2033 corporis
533 1951 659 2015 custodi
676 1950 849 2034 Peucolao,
866 1950 1033 2016 Nicanori:
1056 1953 1163 2019 adicit
1180 1955 1224 2018 his

221 2038 438 2120 Aphobetum,
453 2036 587 2120 Iolaum,
601 2037 793 2122 Dioxenum,
806 2039 1022 2123 Archepolim,
1037 2038 1256 2125 Amyntamlt

170 2146 203 2194 16
221 2125 273 2188 Ab
296 2125 358 2190 hoc
381 2147 526 2190 sermone
549 2126 700 2190 dimissus
722 2126 939 2192 Nicomachus
962 2129 1002 2192 ed
1023 2129 1166 2196 fratrem
1188 2167 1224 2177 -

222 2210 378 2277 Cebalino
398 2217 468 2276 erat
484 2234 603 2277 nomen
619 2235 755 2297 -quae
774 2219 954 2299 acceperat,
972 2215 1084 2283 defert
1117 2218 1225 2284 Placet

222 2301 328 2384 ipsum
360 2299 534 2365 subsistere
565 2301 601 2365 in
626 2302 847 2387 tabernaculo,
877 2325 933 2388 ne,
964 2304 992 2368 si
1022 2307 1151 2390 regiam
1183 2308 1223 2371 in-

222 2393 354 2473 basset,
377 2409 443 2453 non
466 2387 616 2454 adsuetus
640 2389 727 2454 adire
748 2412 871 2476 regem,
899 2393 1058 2458 coniurati
1079 2397 1222 2478 proditos

170 2498 202 2548 ιι
222 2500 256 2543 se
281 2499 350 2545 esse
373 2476 589 2544 resciscerent.
628 2476 702 2561 Ipse
726 2476 898 2544 Cebalinus
926 2483 1001 2545 ante
1029 2484 1222 2549 vestibulum

220 2567 329 2653 regiae
358 2603 397 2614 -
425 2588 529 2650 neque
557 2567 642 2631 enim
673 2567 803 2650 propius
832 2568 936 2633 aditus
967 2569 997 2633 ei
1023 2573 1164 2654 patebat
1187 2606 1221 2618 -

221 2656 384 2740 consistit,
415 2655 584 2739 opperiens
617 2655 757 2739 aliquem
784 2678 823 2720 ex
853 2657 959 2740 prima
987 2658 1120 2724 cohorte
1149 2659 1221 2724 ami·

169 2763 203 2812 18
222 2764 343 2828 corum,
364 2765 386 2808 a
409 2765 472 2828 quo
495 2744 748 2809 introduceretur
771 2744 810 2808 ad
832 2767 951 2830 regem.
986 2745 1084 2811 Forte
1110 2748 1221 2814 ceteris

222 2830 362 2896 dimissis
381 2853 464 2896 unus
483 2831 642 2915 Philotas,
664 2831 887 2898 Parmenionis
906 2834 994 2899 filius
1012 2871 1049 2881 —
1067 2837 1221 2901 incertum

222 2940 318 3002 quam
341 2920 382 2984 ob
403 2941 533 2984 causam
551 2955 593 2968 —
614 2920 804 2985 substiterat
825 2922 861 2986 in
882 2923 980 3007 regia.
1015 2922 1102 2989 Huic
1124 2923 1220 2990 (ieba-

221 3007 306 3072 linus
334 3029 389 3072 ore
418 3008 548 3074 contuso
576 3028 714 3092 magnae
745 3011 996 3092 perturbationis
1025 3017 1122 3077 notas
1146 3033 1219 3096 prae

221 3117 255 3160 se
281 3096 388 3160 ferens
416 3096 533 3180 aperit,
560 3120 641 3182 quae
668 3118 706 3160 ex
732 3097 833 3163 fratre
865 3103 1067 3183 conpererat,
1095 3105 1129 3166 et
1155 3102 1220 3166 sine

169 3203 202 3251 19
222 3183 377 3249 dilatione
399 3185 542 3249 nuntiari
563 3188 634 3272 regi
657 3186 757 3270 iubet.
800 3186 947 3252 Philotas
971 3188 1163 3254 conlaudato
1186 3208 1219 3252 eo

219 3272 367 3354 protinus
395 3273 497 3337 intrat
525 3273 564 3337 ad
587 3273 803 3339 Alexandrum
831 3276 996 3360 multoque
1025 3277 1161 3342 invicem
1185 3275 1218 3338 dc

220 3361 293 3424 aliis
320 3362 416 3426 rebus
439 3382 585 3426 sermone
608 3368 797 3446 consumpto
820 3363 902 3428 nihil
925 3385 1048 3448 eorum,
1076 3387 1157 3450 quae
1185 3384 1218 3427 er

167 3467 201 3516 20
221 3446 375 3515 Cebalino
395 3454 603 3535 cognoverat,
620 3451 757 3515 nuntiat.
793 3450 857 3516 Sub
876 3473 1044 3535 vesperam
1063 3474 1217 3537 cumpro

218 3537 370 3603 deuntem
392 3539 427 3603 in
448 3539 609 3603 vestibulo
632 3540 738 3623 regiae
762 3540 881 3623 excipit
903 3541 1041 3623 iuvenis,
1071 3563 1112 3607 an
1135 3563 1216 3606 man·

166 3645 198 3694 21
220 3626 330 3690 datum
366 3631 515 3691 executus
547 3625 644 3708 foret,
676 3627 849 3709 requirens.
903 3627 964 3692 Ille
996 3650 1062 3693 non
1092 3649 1215 3694 vacasse
