2600 4096
182 234 248 300 230
552 229 583 294 Q„
602 228 713 284 cuum
730 227 817 283 RUFI

147 377 295 446 edeinde
314 375 462 461 Gangen,
483 374 660 439 maximum
681 373 784 438 totius
806 370 915 436 Indiae
936 370 1119 434 fluminum:
1141 367 1194 432 ul·

182 468 334 534 terionem
359 466 465 548 ripam
491 462 598 528 colere
624 465 738 546 gentes
765 459 970 544 Gangaridas
998 461 1032 521 et
1056 455 1192 520 Prasios

183 575 356 639 eorumque
382 572 493 636 regem
515 571 585 614 esse
608 550 843 633 Aggrammen,
869 565 919 612 xx
941 545 1073 610 milibus
1100 544 1192 628 equi-

149 648 255 711 rum
281 640 489 723 ducentisque
519 638 664 722 peditum
693 636 895 702 obsidentem
921 635 1001 699 mas.
1048 632 1101 697 Ad
1127 631 1193 697 hoc

183 731 411 818 quadrigarum
428 744 456 793 11
473 725 566 791 milia
580 725 709 790 trahere
726 729 772 807 et,
792 724 1002 808 praecipuum
1021 725 1190 804 terrorem,

185 819 384 904 elephantos,
406 836 487 900 quos
504 832 546 880 111
567 814 692 878 milium
713 834 882 878 numerum
899 811 1029 894 explere
1050 809 1189 874 dicebat

152 905 392 973 elncredibilis
417 903 488 987 regi
509 903 619 969 omnia
639 901 839 967 videbantur.
878 899 985 985 Igitur
1006 897 1129 963 Porum
1146 933 1191 944 -—

185 1018 262 1060 nam
283 1015 356 1060 cum
373 1014 412 1058 eo
430 994 501 1056 erat
516 1027 554 1038 -
569 993 792 1074 percontatur,
815 1009 952 1052 ansere
964 989 1087 1069 essent,
1107 1007 1192 1070 quae

152 1085 376 1149 edicerentur.
419 1080 480 1145 Ille
505 1079 592 1145 vires
617 1078 745 1162 quidem
775 1077 884 1162 gentis
916 1079 950 1140 et
979 1075 1072 1159 regni
1101 1073 1194 1139 baud

187 1171 271 1237 falso
302 1170 416 1235 iactari
452 1168 615 1232 adfirmat:
648 1171 801 1250 ceterum,
838 1165 893 1249 qui
924 1166 1089 1248 regnaret,
1124 1184 1191 1228 non

187 1259 282 1325 modo
300 1258 476 1344 ignobilem
495 1277 580 1337 esse,
597 1253 654 1319 sed
672 1254 771 1319 etiam
789 1253 923 1318 ultimae
941 1251 1051 1334 sortis,
1071 1251 1194 1336 qnippe

186 1351 312 1432 petrem
329 1346 408 1424 eius,
421 1349 585 1410 tonsorem
598 1343 652 1406 vix
666 1342 779 1407 diurno
793 1344 930 1425 quaestu
946 1341 1195 1423 propulsantem

186 1437 320 1520 famem,
341 1437 474 1519 propter
495 1430 645 1496 habitum
665 1431 751 1495 haud
772 1431 957 1494 indecorum
980 1428 1069 1493 cordi
1089 1427 1195 1493 fuisse

156 1536 172 1585 ἰ
191 1525 329 1610 reginae.
367 1520 420 1586 Ab
439 1521 529 1586 eain
551 1520 735 1603 propiorem
753 1519 832 1602 eius,
849 1519 905 1602 qni
922 1521 993 1582 tum
1012 1521 1195 1600 regnasset,

187 1612 347 1678 amicitiae
364 1611 471 1676 locum
485 1608 649 1673 admotum
662 1607 832 1672 interfecto
844 1627 883 1672 eo
900 1627 958 1690 per
975 1604 1110 1672 insidias
1130 1606 1194 1669 sub

188 1701 293 1786 speeie
319 1699 440 1765 tutelae
466 1697 603 1762 liberum
625 1694 692 1759 eius
719 1695 875 1760 mansisse
897 1714 1034 1778 regnum
1055 1693 1188 1758 necatis·

189 1811 250 1874 que
271 1787 380 1873 pueris
397 1786 497 1868 hune,
514 1788 569 1868 qui
587 1804 672 1848 nunc
693 1786 823 1866 regnat,
845 1803 1029 1868 generasse,
1049 1781 1196 1847 invisum

189 1878 348 1961 vilemque
370 1873 591 1960 popularibus,
617 1871 722 1954 magis
744 1874 896 1954 paternae
917 1871 1067 1937 fortunae
1093 1890 1194 1953 quam

154 1979 266 2030 esuae
297 1985 479 2029 memorem.
523 1959 716 2025 Adfirmatio
738 1958 815 2024 Pori
842 1959 1055 2044 multiplicem
1083 1958 1195 2024 animo

189 2053 274 2136 regis
301 2052 455 2117 iniecerat
481 2070 599 2115 eurem.
638 2046 778 2112 Hostem
804 2047 979 2131 beluasque
1008 2047 1192 2132 spernebat,

155 2153 171 2202 9
191 2140 290 2204 situm
312 2139 457 2204 locorum
479 2141 512 2203 et
533 2138 599 2202 vim
626 2135 795 2200 fluminum
820 2136 1057 2202 extimescebat
1100 2134 1198 2198 Rele-

190 2231 285 2312 getos
312 2227 346 2291 in
373 2226 523 2291 ultimum
549 2231 650 2308 paene
672 2245 779 2287 rerum
800 2223 1013 2290 humanarum
1044 2223 1198 2308 persequi

189 2315 362 2381 terminum
385 2318 419 2380 et
438 2335 548 2378 eruere
570 2312 705 2378 arduum
723 2310 903 2378 videbatur:
925 2334 1036 2378 rursus
1055 2312 1197 2378 arantis

191 2403 312 2490 gloriae
331 2406 365 2468 et
381 2400 577 2467 insatiabilis
596 2401 712 2485 cupido
730 2399 837 2464 famae
854 2400 938 2466 nihil
956 2401 1093 2484 invium,
1109 2399 1197 2464 nihil

139 2507 172 2556 ιο
190 2497 349 2559 remotum
375 2489 478 2556 videri
507 2490 640 2554 sinebat
680 2487 726 2552 Et
751 2489 913 2554 interdum
939 2489 1124 2572 dubitabat,
1152 2509 1196 2553 an

189 2581 393 2665 Macedones,
416 2582 468 2644 tot
489 2577 610 2643 emensi
632 2577 739 2660 spatie
763 2580 934 2661 terrerum,
956 2579 991 2642 in
1014 2577 1082 2642 acie
1106 2576 1199 2641 etin

190 2671 305 2736 castris
324 2691 416 2735 senes
434 2666 522 2751 faeti,
539 2689 596 2750 per
614 2665 739 2730 obiecta
756 2665 897 2745 flumine,
914 2688 972 2750 per
989 2669 1041 2732 tot
1057 2669 1198 2730 naturae

191 2758 356 2822 obstantes
375 2756 583 2822 difficultates
601 2753 739 2817 secuturi
758 2757 877 2818 essent:
898 2753 1100 2820 abundantes
1120 2775 1200 2820 onu-

192 2847 322 2927 stosque
339 2845 458 2926 praede
471 2844 575 2928 magis
589 2845 683 2926 parta
699 2841 763 2906 frui
776 2841 869 2925 velle,
887 2864 983 2926 quem
998 2841 1199 2926 adquirenda
1298 2851 1299 2934 Ῑ

140 2945 172 2994 11
191 2931 331 3018 fatigari.
378 2930 453 2996 Non
478 2932 563 2996 idem
591 2930 654 2994 sibi
681 2932 715 2994 et
741 2930 898 2996 militibus
927 2930 1026 2996 animi
1053 2952 1139 3014 esse,
1165 2951 1200 2996 se

191 3019 293 3086 totius
325 3017 414 3082 orbis
449 3019 618 3102 imperium
654 3021 762 3083 mente
798 3019 989 3102 conplexum
1021 3019 1125 3084 adhue
1161 3019 1199 3083 in

191 3128 331 3278 utils
348 3105 1200 3278 ttttllmtldqtttnttltissl‘tiit

141 3294 174 3344 12
193 3281 335 3364 periculo
360 3284 517 3364 expetere.
556 3281 646 3347 Vicit
666 3301 742 3366 ergo
766 3283 879 3366 cupido
906 3283 1066 3349 rationem
1095 3288 1127 3349 et
1157 3285 1200 3349 ad

192 3369 372 3434 contionem
400 3370 521 3434 voeatis
548 3369 705 3435 militibus
729 3370 769 3434 ad
796 3370 882 3435 hune
904 3371 1044 3436 maxime
1067 3372 1202 3438 modum

193 3456 355 3522 disseruit:
396 3455 482 3522 ‘Non
507 3458 634 3542 ignoro,
662 3458 797 3541 milites,
826 3459 944 3544 multa,
969 3480 1050 3543 quae
1077 3464 1237 3530 terreres

192 3566 250 3610 vos
268 3548 410 3629 possent,
428 3545 469 3610 ab
485 3545 599 3610 incolis
611 3545 721 3610 Indiae
740 3568 797 3629 per
814 3545 874 3612 hos
893 3546 961 3612 dies
980 3548 1019 3613 de
1037 3547 1202 3615 industria

143 3641 174 3690 13
194 3652 263 3696 esse
281 3632 409 3697 iactate.
443 3629 506 3697 Sed
523 3654 589 3696 non
607 3636 656 3697 est
673 3633 840 3718 inprovisa
858 3636 952 3700 uobis
970 3637 1201 3704 mentientium
