2600 4096
192 219 258 284 222
565 219 596 285 Q.
616 217 726 274 cuam
742 218 829 274 abel

191 363 363 429 ferebatur.
397 361 435 427 Id
452 361 628 427 maximum
645 364 716 426 erat
732 362 928 427 bellantibus
950 361 1199 428 incitamentum

192 457 226 517 et
252 451 430 517 deseruisse
456 453 622 535 gestantes
654 450 794 515 militare
820 450 981 535 flagitium
1007 450 1198 516 habebatur.

143 551 175 600 12
193 537 318 624 Capitis
341 540 440 604 etiam
462 542 635 604 sanxerant
655 559 793 622 poenam
819 538 877 623 iis,
903 539 958 622 qui
981 560 1019 604 ex
1042 539 1110 604 acie
1132 561 1199 605 non

193 628 407 710 rettulissent,
433 630 536 710 metu,
563 647 657 710 quem
680 647 719 690 ex
741 627 799 691 illo
820 626 916 692 hoste
938 626 1099 711 quondam
1123 649 1198 693 con·

192 721 357 800 ceperant,
388 715 487 780 etiam
512 714 547 778 in
574 715 765 799 religionem
791 715 1095 800 venerationemque
1122 737 1198 781 con·

193 826 295 870 verro.
348 801 541 868 Macedonas
571 824 637 868 non
667 803 834 868 beluarum
865 803 976 888 modo,
1009 803 1066 868 sed
1097 804 1197 868 etiam

142 905 174 954 13
193 893 296 976 ipsius
318 891 406 977 regia
429 894 576 975 aspectus
597 913 770 976 parumper
790 891 941 958 inhibuit.
985 889 1108 957 Beluae
1133 892 1198 957 dis·

193 980 319 1065 positae
348 980 432 1044 inter
463 983 606 1044 armatos
633 979 772 1063 speciem
802 980 941 1044 turrium
970 980 1084 1064 procul
1116 980 1199 1046 fece

194 1071 281 1151 rant,
307 1067 378 1150 ipse
399 1066 503 1133 Porus
526 1067 685 1133 humanae
711 1067 942 1152 magnitudinis
964 1067 1200 1152 propemodum

194 1159 374 1221 excesserat
390 1156 537 1221 formam.
567 1154 824 1240 Magnitudinem
837 1156 960 1238 corpori
974 1155 1097 1222 adicere
1109 1156 1199 1222 ride-

193 1244 290 1309 batur
307 1243 415 1323 belua,
439 1267 503 1328 qua
520 1243 708 1326 vehebatur,
731 1247 860 1308 tantum
877 1244 962 1309 inter
980 1248 1105 1310 ceteras
1121 1246 1200 1310 emi-

143 1347 176 1393 14
193 1354 287 1417 nens,
308 1336 429 1416 quanto
454 1332 527 1397 aliis
550 1332 619 1416 ipse
640 1331 836 1414 praestabat.
878 1331 993 1416 Itaque
1015 1332 1201 1398 Alexander

195 1421 432 1506 contemplatus
456 1425 489 1485 et
510 1441 620 1504 regem
642 1422 675 1482 et
698 1439 814 1503 agmen
834 1418 998 1498 Indorum,
1022 1419 1201 1505 ‘Tandem’,

193 1510 312 1594 inquit,
333 1507 406 1595 ‘par
423 1509 529 1574 animo
552 1529 624 1573 meo
646 1508 823 1589 periculum
841 1509 943 1573 video.
979 1505 1061 1574 Onm
1081 1508 1200 1575 bestiis

142 1609 175 1658 15
195 1598 291 1663 simul
310 1602 342 1662 et
360 1618 434 1662 cum
456 1597 595 1680 egregiis
618 1595 696 1660 viris
718 1618 769 1660 res
793 1594 863 1660 est'.
905 1595 1100 1682 Intuensque
1118 1594 1200 1663 (loe-

192 1708 273 1771 non,
299 1684 398 1752 ‘Cum
426 1683 512 1770 ego',
540 1685 661 1768 inquit,
688 1683 889 1749 ‘Ptolemaeo
921 1682 1133 1768 Perdiccaque
1164 1689 1200 1750 et

192 1774 433 1858 Hephaestione
456 1773 629 1838 comitatus
651 1772 686 1836 in
707 1772 833 1837 laevum
855 1773 999 1838 hostium
1020 1794 1119 1839 comu
1136 1773 1199 1838 im·

193 1867 303 1947 petum
333 1862 439 1927 fecero
470 1861 651 1944 viderisque
678 1883 729 1924 me
757 1860 792 1924 in
818 1861 923 1925 medio
952 1862 1066 1926 ardore
1092 1864 1199 1926 certa-

193 1951 309 2035 minis,
339 1951 408 2035 ipse
439 1950 585 2014 dextrum
616 1970 710 2014 move
742 1951 774 2013 et
804 1949 943 2014 turbatis
980 1949 1074 2034 signa
1104 1949 1200 2016 infer.

193 2038 256 2121 Tu,
285 2039 461 2122 Antigene,
492 2042 526 2103 et
551 2042 600 2119 tu,
627 2035 803 2120 Leonnato,
835 2040 867 2102 et
894 2036 1037 2122 Tauron,
1066 2037 1199 2103 invehe-

142 2125 274 2190 lamini
299 2123 335 2188 in
360 2125 499 2189 mediam
522 2125 622 2190 aciem
645 2129 678 2189 et
700 2124 855 2208 urgebitis
879 2125 1028 2189 frontem.
1071 2123 1199 2190 Hastae

193 2217 323 2278 nostrae
349 2213 542 2298 praelongae
569 2217 602 2277 et
624 2213 749 2278 validae
776 2233 843 2277 non
865 2213 946 2277 alias
969 2213 1075 2296 magis
1098 2235 1199 2298 quam

195 2302 347 2366 adversus
364 2300 476 2365 beluas
499 2303 702 2384 rectoresque
720 2322 831 2365 earnm
848 2301 921 2366 usui
940 2323 1010 2366 esse
1027 2305 1199 2384 poteramt:

195 2390 363 2455 deturbate
386 2409 454 2473 eos,
477 2388 533 2473 qui
555 2389 727 2472 vehuntur,
750 2393 783 2454 et
805 2388 893 2472 ipsas
915 2389 1085 2455 confodite.
1129 2389 1199 2454 An-

193 2501 268 2564 ceps
302 2499 403 2565 genus
436 2477 548 2542 auxilii
580 2481 631 2541 est
662 2480 696 2542 et
724 2478 759 2541 in
787 2498 861 2542 suos
889 2477 994 2542 acrius
1025 2477 1112 2542 furit
1156 2477 1200 2543 In

142 2580 173 2628 1⁷
192 2567 320 2634 hostem
343 2567 429 2633 enim
451 2565 601 2650 imperio,
627 2565 662 2630 in
689 2586 763 2630 suos
787 2587 906 2649 pavore
929 2564 1057 2649 agitur!
1104 2563 1200 2632 Haec

193 2658 338 2722 elocutus
362 2655 502 2721 concitat
524 2675 639 2737 equum
661 2653 793 2736 primus.
830 2652 976 2737 Iamque,
997 2657 1035 2719 ut
1056 2653 1199 2720 destina

192 2749 264 2808 tum
285 2752 367 2827 erat,
389 2745 553 2807 invaserat
576 2741 702 2807 ordines
725 2741 880 2826 hostium,
902 2763 974 2806 cum
998 2739 1124 2808 Coenus
1147 2741 1199 2807 in·

142 2843 174 2891 18
194 2829 283 2916 genti
304 2831 337 2895 vi
363 2831 398 2895 in
420 2832 546 2896 laevum
570 2851 668 2895 cornu
689 2829 861 2894 invehitur.
898 2828 1046 2894 Phalanx
1066 2851 1200 2914 quoque

193 2918 331 2984 mediam
344 2916 495 2984 Indorum
513 2920 614 2984 aciem
627 2938 692 2982 nno
705 2917 829 3001 impetu
841 2919 996 3002 perrupit.
1022 2918 1069 2982 nt
1082 2918 1198 3002 Porus,
1208 2920 1253 2986 49

194 3029 258 3092 qua
276 3006 415 3091 equitem
431 3007 539 3073 invehi
556 3011 708 3088 senserat,
725 3005 838 3071 beluas
855 3005 911 3090 agi
927 3007 1035 3071 iussit:
1057 3004 1114 3070 sed
1131 3009 1199 3070 tar-

194 3096 269 3160 dum
296 3098 329 3158 et
354 3115 455 3178 paene
480 3095 636 3159 inmobile
664 3093 783 3158 animal
811 3115 964 3178 equorum
990 3093 1200 3160 velocitatem

142 3196 175 3244 19
194 3203 330 3266 aequare
360 3202 428 3247 non
457 3186 592 3264 poterat
645 3181 696 3247 Ne
724 3183 917 3265 sagittarum
951 3182 1079 3266 quidem
1109 3182 1198 3246 ullus

195 3275 264 3335 erat
285 3269 432 3335 barbaria
450 3291 538 3336 usus.
573 3269 697 3354 Quippe
715 3270 832 3354 longas
850 3273 883 3334 et
900 3290 1108 3355 praegraves,
1129 3271 1200 3335 nisi

193 3359 281 3443 prius
308 3359 343 3422 in
370 3363 458 3423 terra
487 3361 666 3424 statuerent
694 3380 815 3442 arcum,
841 3357 928 3422 haud
955 3358 1036 3423 satis
1063 3361 1139 3442 apte
1164 3363 1200 3423 et

194 3447 359 3513 commode
382 3448 553 3531 inponunt:
585 3451 656 3512 tum
683 3447 780 3511 humo
808 3445 933 3511 lubrica
960 3451 993 3511 et
1020 3447 1064 3512 ob
1087 3447 1121 3510 id
1148 3446 1200 3512 in-

194 3535 342 3620 pediente
373 3537 524 3601 conatum
555 3534 724 3598 molientes
751 3536 833 3600 ictus
863 3534 1027 3600 celeritate
1052 3533 1202 3600 hostium

142 3634 177 3682 ao
196 3626 400 3706 occupantur.
442 3622 532 3707 Ergo
556 3624 664 3704 spreto
687 3623 772 3707 regis
798 3621 934 3715 imperio
956 3658 1000 3670 —
1022 3621 1108 3707 qaod
1128 3622 1202 3689 fere
