2582 4098
217 243 260 309 86
587 242 619 311 Q.
639 242 748 299 cuam
765 242 850 299 solu

216 387 387 472 septimum
412 389 518 455 locum
545 387 741 473 Theodotus,
770 388 920 453 ultimum
946 389 1099 454 obtinuit
1122 387 1221 452 Hella-

181 477 315 548 cnicus.
358 475 398 542 In
425 475 594 560 disciplina
616 498 740 561 quoque
762 476 909 542 militaris
931 477 977 542 rei
1000 499 1020 541 a
1045 477 1223 542 maioribus

216 566 332 631 tradita
357 565 507 648 pleraque
534 585 658 628 summa
683 565 822 630 utilitate
847 564 991 630 mutavit
1035 563 1140 629 Nam
1162 586 1224 629 cun

215 657 290 718 ante
321 652 444 736 equites
475 651 510 716 in
539 673 630 716 suam
657 653 788 737 quisque
813 656 941 738 gentem
967 652 1224 718 discriberentur

216 760 343 805 seorsus
367 760 386 802 a
409 739 535 824 ceteris,
565 744 711 824 exempto
733 740 898 805 nationum
921 739 1118 806 discrimine
1143 763 1226 825 prae·

215 827 307 892 fectis
332 847 401 891 non
426 827 536 911 utique
559 849 688 893 suarum
710 829 866 913 gentium,
893 829 949 893 sed
971 827 1118 893 delectis
1144 829 1226 892 attri-

180 914 294 986 rbuit
338 912 437 999 uba,
462 935 534 980 cum
557 919 663 981 castra
684 937 811 981 movere
832 917 937 1002 vellet,
959 916 1099 1001 signum
1125 916 1227 998 dabat,

216 1001 305 1066 cuius
345 1023 443 1067 sonus
478 1004 665 1089 plerumque
699 1005 962 1070 tumultuantium
995 1004 1147 1070 fremitu
1183 1025 1227 1067 ex·

216 1088 339 1153 oriente
365 1089 451 1155 houd
473 1092 552 1157 satis
574 1092 811 1157 exaudiebatur:
843 1113 920 1178 ergo
941 1093 1124 1177 perticam,
1153 1112 1226 1176 quae

214 1176 352 1261 undique
376 1179 516 1263 conspici
537 1184 660 1265 posset,
687 1202 783 1264 supra
804 1181 998 1264 praetorium
1021 1182 1168 1258 statuit,
1195 1201 1226 1242 ex

215 1265 446 1419 ttttttt
467 1268 975 1421 tmtttttttdttlh
992 1269 1224 1352 ΜΨ

180 1461 196 1510 8
301 1440 432 1526 Iamque
460 1375 541 1508 sdic
572 1443 601 1508 ei
632 1406 756 1509 adituro
781 1444 943 1523 Abulites,
973 1444 1126 1528 regionis
1162 1442 1247 1508 eiust

214 1527 406 1613 praefectus,
438 1529 504 1594 sive
530 1529 628 1595 Darei
658 1532 759 1614 iussu,
790 1533 827 1595 ut
852 1531 1069 1596 Alexandrum
1102 1531 1224 1617 praeda

218 1617 383 1702 retineret,
413 1618 478 1683 sive
501 1639 560 1682 sua
582 1622 695 1702 sponte
717 1620 817 1683 filium
839 1620 967 1684 obviam
988 1619 1094 1703 misit,
1126 1619 1222 1684 tradi·

180 1727 195 1775 9
214 1707 322 1770 turum
345 1727 379 1770 se
400 1704 513 1770 urbem
529 1707 730 1789 promittens.
765 1705 909 1792 Benigne
925 1708 1072 1772 iuvenem
1093 1707 1222 1790 excepit

214 1814 269 1857 rex
290 1793 455 1859 eteoclem
476 1792 553 1858 duee
572 1793 613 1858 ad
631 1792 796 1878 Choaspin
813 1816 940 1859 amnem
960 1795 1123 1880 pervenit,
1149 1795 1221 1859 dcli-

164 1902 196 1950 10
215 1885 331 1965 catam,
357 1885 394 1945 ut
420 1881 507 1946 fama
533 1885 595 1967 est,
621 1882 788 1947 vehentem
814 1903 938 1966 aquam.
981 1880 1044 1947 Hic
1066 1882 1219 1949 Abulites

219 1988 291 2032 cum
317 1968 408 2033 donis
430 1970 547 2054 regalis
570 1970 749 2054 opulentiae
772 1971 918 2035 occurrit
962 1968 1149 2036 Dromades
1174 1991 1220 2034 ca·

213 2055 290 2118 meli
310 2055 394 2119 inter
416 2056 499 2121 dona
521 2062 612 2123 erant
628 2058 806 2123 velocitatis
825 2058 966 2141 eximiae,
988 2075 1037 2122 xn
1051 2057 1217 2143 elephanti

214 2163 234 2205 a
254 2140 360 2206 Dareo
388 2163 426 2205 ex
448 2142 541 2208 India
563 2146 666 2229 acciti,
693 2146 759 2210 iam
780 2167 846 2210 non
867 2148 982 2228 terror,
1009 2150 1046 2211 ut
1067 2167 1217 2229 sperave·

213 2232 295 2313 rant,
317 2227 536 2313 Macedonum,
559 2233 613 2296 sed
637 2234 796 2317 auxilium,
818 2254 894 2316 opes
912 2232 988 2298 vieti
1006 2234 1046 2297 ad
1060 2235 1216 2300 dictorem

165 2339 194 2392 11
213 2317 425 2381 transferente
445 2317 584 2383 fortuna.
619 2317 665 2384 Ut
684 2342 760 2387 vero
782 2321 893 2385 urbem
915 2321 1056 2405 intravit,
1078 2322 1216 2388 incredi-

213 2405 310 2471 bilem
333 2425 372 2471 ex
393 2406 553 2471 thesauris
576 2429 734 2485 summam
755 2409 908 2493 pecuniae
931 2409 1058 2494 egessit,
1079 2426 1102 2474 a
1128 2410 1215 2475 milio

212 2494 370 2561 talentum
393 2495 518 2581 argenti
538 2517 605 2561 non
628 2497 746 2582 signati
766 2497 879 2581 forma,
902 2497 957 2562 sed
975 2496 1047 2561 rudi
1062 2499 1215 2580 pondere

162 2602 194 2651 12
212 2581 307 2650 Multi
342 2605 434 2670 reges
464 2586 573 2649 tantas
604 2606 681 2668 opes
711 2585 809 2670 longa
840 2587 944 2650 aetate
975 2585 1214 2650 cumulaverant

212 2670 321 2738 liberis
343 2672 555 2758 posterisque,
576 2675 614 2737 ut
634 2673 879 2756 arbitrabantur,
902 2694 981 2757 quas
998 2693 1064 2737 una
1079 2672 1167 2738 hore
1183 2673 1214 2736 in

161 2778 193 2827 18
213 2759 336 2824 externi
357 2761 442 2846 regis
465 2782 580 2826 manus
603 2759 719 2826 intulit
758 2758 911 2825 Consedit
933 2759 1045 2825 deinde
1066 2760 1102 2824 in
1122 2761 1214 2846 regia

214 2844 294 2910 sella
315 2847 416 2913 multo
440 2848 611 2914 excelsiore
634 2870 731 2934 quam
752 2870 810 2932 pro
832 2847 946 2913 habitu
966 2847 1116 2931 corporis.
1151 2849 1212 2913 Ita·

214 2954 288 3018 que,
320 2955 392 3000 cum
423 2936 520 3019 pedes
545 2936 689 3019 primum
720 2936 853 3020 gradum
884 2958 951 3001 non
982 2937 1212 3021 contingerent,

161 3041 195 3089 14
212 3042 295 3087 unus
323 3043 362 3087 ex
388 3023 485 3107 regiis
511 3024 618 3108 pueris
645 3046 789 3089 mensam
817 3024 957 3088 subdidit
982 3023 1124 3107 pedihus.
1171 3023 1212 3089 Et

212 3131 285 3174 cum
308 3110 498 3196 spadonem,
520 3113 574 3196 qui
595 3111 693 3176 Darei
714 3112 833 3196 fuerat,
854 3111 1116 3197 ingemiscentem
1139 3133 1211 3177 con-

212 3198 369 3282 spexisset
398 3220 467 3283 rex,
498 3221 627 3264 causam
659 3200 837 3265 maestitiae
863 3199 1035 3284 requisivit
1079 3198 1137 3264 Ille
1164 3202 1209 3264 in·

211 3285 298 3351 dicat
319 3285 460 3351 Dareum
482 3288 568 3352 vesci
589 3289 623 3352 in
647 3310 684 3352 ea
707 3289 850 3372 solitum,
879 3309 975 3372 seque
998 3307 1122 3352 sacram
1144 3288 1209 3352 eius

211 3395 354 3438 mensem
382 3373 422 3439 ad
452 3373 624 3439 ludibrium
655 3376 847 3441 recidentem
877 3376 945 3441 sine
971 3375 1110 3440 lacrimis
1137 3397 1207 3440 con-

160 3479 193 3530 la
212 3461 332 3545 spicere
354 3484 421 3529 non
443 3483 545 3546 posse.
583 3461 689 3528 Subiit
711 3485 787 3550 ergo
809 3484 917 3548 regem
940 3462 1129 3528 verecundia
1145 3463 1206 3528 vio·

188 3550 299 3614 laudi
329 3550 504 3635 hospitales
535 3549 623 3633 deos,
653 3552 778 3636 iamque
808 3551 940 3615 subduci
965 3551 1109 3635 iubebat,
1139 3573 1205 3615 cum

210 3635 369 3704 Philotas:
407 3637 554 3702 ‘Minime
581 3659 657 3703 vero
683 3637 762 3701 haec
783 3637 910 3721 feceris,
940 3659 1009 3722 rex,
1040 3637 1095 3702 sed
1118 3659 1204 3702 omen
