2552 4108
222 202 475 259 meroemnnn
493 203 708 259 mnxaunru
725 204 777 274 rv,
794 205 817 256 e.
1003 203 1046 268 35

39 345 124 410 haud
145 347 254 411 minor
275 347 339 412 alia
357 351 440 411 erat:
463 369 570 412 muros
584 351 751 432 turresque
764 346 853 412 urbis
866 349 1046 431 praealtum

40 455 125 497 mare
153 434 330 499 ambiebat:
360 457 427 500 non
453 439 614 500 tormenta
639 437 704 501 nisi
731 457 748 500 e
774 437 909 501 navibus
936 437 1046 520 procul

41 543 173 586 excussa
195 523 290 607 mitti,
312 544 379 587 non
402 524 505 588 scalae
525 525 692 589 moenibus
712 524 864 608 adplicari
882 526 1045 608 poterant:

40 631 191 694 praeceps
221 611 256 676 in
285 613 389 676 salum
418 633 527 676 murus
556 613 702 696 pedestre
731 613 945 696 interceperat
970 613 1045 676 iter:

41 719 133 764 naves
156 720 219 764 nee
240 699 382 764 habebat
404 721 459 764 rex
481 704 523 784 et,
546 701 574 766 si
596 701 799 784 admovisset,
821 702 995 784 pendentes
1013 703 1046 764 et
1169 737 1171 741 ·

41 787 206 852 instabiles
229 788 404 852 missilibus
427 789 527 852 arceri
547 792 704 872 poterant
739 788 830 853 Inter
848 810 928 873 quae
946 809 1046 872 parva
1067 807 1098 857 ιο

43 874 125 939 dictu
152 896 205 939 res
228 875 403 960 Tyriorum
428 877 578 941 fiduciam
604 876 758 942 accendit.
802 875 1046 962 Carthaginien-

43 963 122 1026 sium
157 963 260 1048 legati
297 964 338 1028 ad
374 964 598 1029 celebrandum
634 986 759 1029 sacrum
795 965 1046 1029 anniversarium

43 1071 127 1116 more
150 1051 258 1135 patrio
280 1055 358 1116 tuno
380 1056 551 1117 venerant:
576 1053 694 1137 quippe
712 1050 941 1138 Carthaginem
954 1052 1047 1136 Tyrii

44 1139 260 1223 condiderunt,
278 1161 405 1224 semper
420 1144 590 1225 parentum
607 1141 679 1206 loco
698 1140 784 1205 culti.
818 1139 951 1206 Hortari
968 1161 1046 1225 ergo
1067 1160 1097 1207 11
1229 1171 1233 1178 ·

44 1224 139 1292 Poeni
166 1232 356 1312 coeperunt,
387 1231 424 1293 ut
450 1229 649 1293 obsidionem
669 1229 747 1292 forti
770 1229 877 1292 animo
900 1233 1047 1313 pateren-

45 1315 108 1379 tur:
143 1315 236 1381 brevi
266 1313 461 1401 Carthagine
495 1317 613 1381 auxilia
641 1320 785 1381 ventura.
832 1314 979 1401 Namque
1009 1337 1047 1380 ea

45 1405 232 1486 tempestate
264 1425 382 1490 magna
414 1427 453 1468 ex
483 1409 575 1488 parte
601 1405 730 1469 Punicis
763 1404 918 1469 classibus
946 1404 1047 1468 maria

16 1485 280 1558 eobsidebanrur.
315 1491 419 1577 Igitur
436 1493 521 1558 bello
540 1493 665 1558 decreto
684 1514 742 1577 per
757 1513 865 1556 muros
878 1495 1046 1575 turresque
1066 1511 1098 1559 ra

46 1580 202 1644 tormenta
234 1581 425 1681 disponunt,
460 1603 549 1645 arma
578 1582 757 1646 iunioribus
789 1579 948 1663 dividunt,
979 1580 1047 1662 opi·

47 1665 129 1752 lices,
156 1689 293 1752 quorum
316 1670 408 1753 eopia
429 1670 506 1734 urbs
529 1670 727 1754 abundabat,
755 1669 791 1733 in
814 1668 960 1734 officinas
983 1667 1046 1730 dis·

47 1754 194 1821 tribuunt
232 1755 349 1822 Omnia
370 1758 447 1821 belli
469 1761 627 1840 apparatu
646 1760 806 1841 strepunt:
829 1756 951 1820 ferreae
970 1776 1046 1839 quo·

49 1862 104 1923 que
134 1865 250 1909 manus
277 1881 320 1892 -
345 1845 551 1929 harpagonas
577 1849 757 1910 vocant-
784 1865 863 1927 quas
896 1843 1047 1926 operibus

48 1926 182 1996 hostium
213 1933 385 2016 inicerent,
421 1933 570 2016 corvique
602 1937 635 1996 et
666 1932 729 1996 alia
760 1931 887 1996 tuendis
914 1931 1047 1995 urbibus

50 2020 223 2104 excogitata
255 2021 537 2105 praeparabantur.
582 2018 645 2085 Sed
676 2041 749 2084 cum
775 2019 959 2091 fornacibus
986 2019 1100 2088 fer-13

50 2124 124 2190 rum,
146 2109 231 2192 quod
255 2109 368 2174 excudi
385 2109 564 2192 oportebat,
585 2109 762 2192 inpositum
781 2111 873 2191 esset,
896 2107 1048 2172 admotis·

51 2212 106 2274 que
135 2195 266 2262 follibus
293 2198 402 2282 ignem
427 2196 506 2262 flatu
537 2197 762 2282 accenderent,
794 2196 961 2281 sanguinis
987 2195 1048 2261 rivi

51 2281 105 2344 sub
129 2283 206 2368 ipsis
233 2285 371 2350 fiammis
398 2286 540 2350 extitisse
567 2286 729 2350 dicuntur:
764 2285 860 2370 idque
890 2305 985 2349 omen
1012 2283 1048 2346 in

51 2365 255 2438 Macedonum
285 2374 450 2439 interitum
478 2377 642 2439 verterunt
673 2373 771 2457 Tyrii
820 2372 916 2455 Apud
943 2369 1101 2437 Mace-14

52 2453 143 2524 donas
165 2483 292 2546 quoque
315 2483 388 2526 cum
409 2462 493 2528 forte
515 2484 633 2545 panem
655 2461 787 2546 quidam
804 2461 943 2524 militum
960 2458 1048 2521 fran-

53 2551 168 2632 gerent,
190 2551 354 2615 manantis
377 2550 543 2635 sanguinis
567 2553 676 2634 guttas
699 2551 901 2629 notaverimt,
923 2545 1049 2609 territo-

54 2651 107 2712 que
137 2658 210 2722 rege
240 2637 444 2721 Aristander,
472 2638 685 2722 peritissimus
717 2640 840 2716 vatum,
872 2634 900 2698 si
930 2633 1049 2696 extrin-

55 2738 136 2786 secus
164 2747 259 2791 cruor
285 2726 442 2810 fluxisset,
476 2725 705 2791 Macedonibus
733 2724 765 2787 id
792 2722 884 2786 triste
906 2721 1050 2785 futurum

55 2806 109 2872 ait:
144 2819 269 2897 contra,
297 2835 368 2878 cum
397 2835 435 2878 ex
461 2813 612 2879 interiore
635 2815 726 2896 parte
749 2809 940 2893 manaverit,
968 2809 1050 2889 urbi,

55 2913 144 2974 quam
165 2902 310 2968 obsidere
332 2902 556 2985 destinassent,
579 2902 711 2966 exitium
724 2898 923 2983 portendere.
952 2896 1101 2964 Alex-15

57 2984 146 3050 ander
170 3011 241 3054 cum
265 2994 298 3054 et
324 2991 458 3054 classem
483 2989 595 3073 procul
622 2989 757 3053 haberet
783 2990 816 3051 et
842 2987 974 3070 longam
996 2985 1051 3048 ob-

57 3068 203 3142 sidionem
234 3099 352 3162 magno
384 3078 445 3142 sibi
477 3079 518 3142 ad
549 3080 656 3143 cetera
683 3075 900 3159 inpedimento
929 3073 1052 3138 videret

57 3153 126 3255 fure,
147 3165 377 3250 caduceatores,
399 3166 455 3250 qui
477 3167 518 3230 ad
540 3186 652 3250 pacem
672 3185 727 3229 eos
746 3163 971 3248 conpellerent,
994 3161 1051 3224 mi-

59 3247 106 3309 s1t:
140 3272 218 3334 quos
245 3253 334 3338 Tyrii
361 3254 549 3320 contraius
578 3252 721 3338 gentium
749 3251 870 3318 occisos
897 3249 1051 3333 praecipi-

59 3331 197 3404 tarerunt
223 3342 258 3406 in
285 3343 395 3406 altum.
443 3341 550 3426 Atque
579 3343 633 3406 ille
663 3362 794 3406 suorum
822 3342 891 3403 tam
919 3337 1053 3421 indigna

22 3409 154 3490 l01110rte
176 3434 352 3496 commotus
375 3431 487 3495 urbem
511 3430 654 3494 obsidere
678 3429 799 3494 statuit.
835 3425 897 3492 Sed
915 3429 989 3490 ante
1007 3425 1051 3488 ia·
1074 3445 1104 3494 ιθ

64 3505 164 3578 cienda
184 3521 285 3584 moles
304 3521 381 3600 crat,
405 3539 486 3602 quae
509 3517 686 3583 continenti
703 3517 814 3581 urbem
832 3514 1053 3579 committeret

64 3588 172 3680 Ingens
202 3627 278 3692 ergo
311 3606 425 3672 animis
456 3607 594 3671 militum
626 3604 804 3688 desperatio
832 3602 962 3684 incessit
988 3621 1051 3664 eer-

857 3705 894 3759 3ss
