2600 4096
280 190 535 246 Hlsroarnuun
553 191 766 245 ALEXANDRI
784 190 871 261 vl111,
892 195 915 246 1.
1039 189 1107 254 221

100 335 266 419 copiarum
284 335 378 400 duces
397 335 525 401 coronis
544 337 577 399 et
597 335 686 399 mille
705 335 809 399 aureis
827 334 973 421 singulos
993 336 1110 401 donata

100 424 215 489 ceteris
236 444 363 508 quoque
385 445 442 507 pro
465 424 613 506 portione
632 427 689 488 aut
710 423 840 508 gradus,
864 445 958 508 quem
976 424 1011 489 in
1029 425 1106 488 ami·

100 512 177 577 cilia
209 511 411 596 obtinebant,
442 515 499 576 eut
528 515 667 576 navatae
693 532 808 595 operae
839 511 941 577 honos
972 512 1105 578 habitus

101 603 158 665 est
194 600 364 682 Abisares,
386 599 443 683 qui
462 599 566 683 prius,
589 621 684 684 quam
703 620 775 664 cum
789 599 871 665 Poro
883 599 1105 685 dimicaretur,
1124 611 1144 660 τ

100 688 227 774 legatos
259 688 300 752 ed
331 687 551 752 Alexandrum
580 687 727 772 miserat,
758 709 868 753 rursus
902 689 983 754 alios
1015 689 1105 754 misit

99 776 300 860 pollicentes,
317 776 427 840 omnia
443 776 612 857 facturum,
634 796 716 860 quae
733 777 933 860 imperasset,
951 777 1045 842 modo
1063 799 1104 842 ne

100 867 270 948 cogeretur
296 885 410 948 eorpus
439 886 531 928 suum
558 863 684 928 dedere:
713 885 815 947 neque
844 865 929 930 enim
952 870 1009 930 aut
1035 866 1104 931 sine

99 953 189 1037 regio
213 951 348 1035 imperio
367 953 526 1018 victurum
545 955 601 1016 aut
618 955 827 1036 regnaturum
846 973 915 1018 esse
934 954 1105 1037 captivum.

100 1038 159 1106 cui
192 1039 377 1105 Alexander
406 1040 550 1105 nuntiari
581 1041 689 1123 iussit,
720 1041 748 1104 si
780 1045 969 1124 gravaretur
999 1043 1039 1107 ad
1070 1051 1139 1107 se8

99 1129 222 1210 venire,
244 1128 352 1212 ipsum
375 1128 415 1192 ad
438 1149 511 1192 eum
535 1149 604 1192 esse
627 1132 806 1192 venturum.

66 1221 86 1285 2
188 1215 274 1281 Hinc
302 1237 401 1300 porro
433 1237 526 1280 amne
558 1220 708 1300 superato
740 1215 781 1280 ad
811 1217 967 1282 interiora
993 1218 1104 1284 Indiae

98 1304 266 1389 processit.
309 1301 418 1369 Silvae
440 1307 532 1369 erant
556 1326 655 1389 prope
681 1305 715 1369 in
742 1304 936 1370 immensum
963 1307 1139 1390 spatiume

99 1393 235 1458 diffusae
256 1393 461 1478 procerisque
484 1397 517 1456 et
544 1393 578 1457 in
604 1393 755 1457 eximiam
782 1393 985 1459 altitudinem
1009 1394 1103 1460 editis

99 1480 269 1547 arboribus
295 1481 474 1546 umbrosae.
518 1480 665 1566 Plerique
687 1482 770 1546 rami
796 1481 901 1547 instar
923 1482 1103 1567 ingentium
1123 1494 1157 1544 10

98 1569 247 1652 stipitum
273 1570 348 1635 flexi
374 1569 408 1633 in
434 1569 568 1633 humum
589 1591 714 1654 rursus,
742 1592 805 1655 qua
828 1592 861 1634 se
883 1575 1105 1655 curvaverant,

99 1658 318 1743 erigebantur,
350 1658 429 1723 adeo
458 1660 496 1722 ut
524 1658 647 1740 species
674 1663 759 1723 esset
789 1680 855 1723 non
886 1660 970 1724 rami
1001 1680 1104 1723 resur-

99 1747 221 1830 gentis,
252 1747 308 1811 sed
339 1746 463 1810 arboris
495 1767 534 1810 ex
565 1768 624 1811 sua
650 1747 757 1811 radice
788 1750 968 1831 generatae.
1015 1745 1104 1812 Caeli
1123 1758 1154 1806 11

97 1835 272 1918 temperies
295 1835 447 1916 salubris,
471 1833 590 1918 quippe
609 1836 642 1898 et
664 1834 729 1899 vim
748 1835 825 1899 eolis
844 1836 976 1900 umbrae
995 1835 1103 1899 levant

98 1926 131 1987 et
154 1943 254 2008 equae
277 1923 367 2006 large
393 1925 525 1986 manant
548 1943 566 1986 e
587 1921 741 1987 fontibus.
777 1919 928 1987 Getarum
949 1923 1003 1988 hic
1025 1933 1153 2007 quo-12

98 2032 161 2095 que
186 2011 381 2095 serpentium
399 2029 517 2094 magna
535 2011 583 2076 vis
603 2013 672 2075 erat
690 2011 831 2094 squamis
854 2009 1016 2096 fulgorem
1033 2012 1104 2076 euri

99 2099 317 2164 reddentibus.
366 2097 465 2164 Virus
496 2097 581 2163 haud
609 2098 712 2163 ullum
744 2099 848 2184 magis
879 2100 1011 2165 noxium
1041 2102 1103 2165 est:

99 2188 217 2273 quippe
239 2208 383 2252 morsum
406 2207 559 2271 praesens
585 2208 672 2251 mors
699 2187 906 2271 sequebatur,
932 2189 1033 2254 donec
1062 2189 1102 2254 ab

97 2276 214 2341 incolis
236 2275 411 2340 remedium
435 2274 581 2340 oblatum
600 2279 658 2339 est.
693 2274 779 2341 Hinc
799 2298 858 2361 per
880 2277 1009 2342 deserta
1028 2299 1101 2342 ven·

97 2368 168 2430 tum
196 2365 313 2429 estad
339 2363 459 2428 flumen
480 2361 661 2446 Hyarotim.
704 2363 854 2431 Iunctum
881 2369 951 2429 erat
979 2364 1103 2429 flumini
1123 2375 1155 2423 ra

97 2475 224 2536 nemus,
252 2472 388 2536 opacum
415 2451 583 2517 arboribus
606 2452 686 2517 alibi
712 2453 886 2518 invisitatis
912 2453 1102 2537 agrestium·

99 2564 160 2626 que
179 2562 342 2626 pavonum
359 2539 563 2604 multitudine
580 2539 739 2625 frequens.
769 2539 893 2606 Castris
912 2538 985 2603 inde
1004 2539 1101 2603 motis
1122 2549 1156 2598 14

98 2630 252 2714 oppidum
274 2628 360 2694 haud
382 2627 495 2712 procul
517 2629 659 2712 positum
678 2648 795 2694 corona
817 2627 905 2710 capit
922 2626 1103 2692 obsidibus·

99 2740 160 2802 que
184 2717 324 2801 acceptis
347 2716 543 2801 stipendium
564 2715 701 2799 inponit.

67 2808 85 2873 3
187 2805 239 2870 Ad
270 2825 422 2890 magnam
453 2804 579 2887 deinde,
610 2803 647 2868 ut
676 2804 710 2868 in
743 2825 781 2868 ea
811 2803 957 2888 regione,
989 2803 1102 2868 urbem

98 2895 260 2979 pervenit,
279 2914 346 2957 non
359 2914 450 2958 muro
471 2892 589 2975 solum,
612 2892 667 2956 sed
684 2891 783 2957 etiam
794 2891 916 2982 'palude
935 2891 1102 2957 munitam.

99 2982 251 3049 Ceterum
278 2982 410 3046 barbari
432 2980 587 3046 vehiculis
609 2980 693 3044 inter
716 3001 750 3044 se
778 2979 897 3045 iunctis
920 2979 1102 3044 dimicaturi
1121 2990 1154 3039 1⁶

99 3074 318 3138 occurrerunt:
335 3070 403 3134 tela
421 3069 494 3134 aliis
513 3069 635 3152 hastae,
653 3067 726 3132 aliis
746 3089 872 3134 secures
889 3071 981 3133 erant
998 3071 1101 3131 trans·

98 3160 310 3242 eiliebantque
331 3159 367 3222 in
384 3157 531 3221 vehicula
550 3159 678 3221 strenuo
702 3156 800 3240 saltu,
824 3177 896 3223 oum
919 3176 1100 3221 succurrere

99 3248 321 3314 laborantibus
344 3247 410 3310 suis
432 3245 561 3310 vellent.
602 3245 651 3309 Ac
672 3244 777 3328 primo
805 3246 974 3311 insolitum
999 3263 1100 3327 genus
1121 3253 1153 3302 le

99 3357 228 3490 tiit?
240 3335 438 3508 3ξῖἓέἒῖἓῖ
452 3332 1102 3505 tttltldttlttbttlttr‘fttl

99 3514 256 3579 vehiculis
274 3509 459 3576 circumfusi
478 3513 693 3595 repugnantes
711 3509 821 3575 fodere
840 3510 1021 3594 coeperunt.
1056 3507 1101 3570 nc
1121 3517 1154 3568 ιτ

99 3603 243 3685 vincula,
261 3601 332 3683 quis
351 3601 498 3664 conserta
516 3600 618 3681 erant,
641 3598 736 3662 iussit
755 3597 868 3679 incidi,
893 3618 955 3682 quo
974 3595 1100 3659 facilius

891 3698 944 3753 15*
