2600 4096
228 223 483 280 maronianum
501 207 714 280 sinmnoar
731 225 805 297 vm,
825 233 848 282 c.
868 232 892 282 r.
1000 225 1065 291 203

75 368 246 434 meminisse
268 369 382 434 debere
404 391 469 441 eos,
482 369 549 434 iam
571 371 657 436 viros
677 392 759 435 esse:
781 369 875 454 idque
896 370 936 435 ad
954 391 1065 435 conso·

76 457 192 522 landam
205 458 397 541 patientiam
410 458 577 523 verberum
593 481 634 522 an
649 459 690 523 ad
703 459 901 524 incitandum
913 458 1066 524 iuvenum

76 545 205 610 dolorem
227 546 348 610 dictum
370 550 468 629 esset,
490 547 525 610 in
547 547 700 631 ambiguo
722 547 831 612 fuisse.
874 546 944 610 Rex
967 547 1066 611 animi
1084 559 1118 608 26

75 634 268 718 corporisque
294 654 409 718 sopore
435 635 590 713 discusso,
619 657 692 700 cum
718 635 802 700 tanti
828 634 975 719 periculi,
1001 657 1065 719 quo

76 725 219 804 evaserat,
236 721 344 806 imago
358 722 459 788 oculis
473 723 648 806 oberraret,
663 723 885 806 Eurylochum
898 741 920 786 n
933 724 1065 788 talentis

75 814 103 874 et
122 810 283 875 cuiusdam
306 809 459 875 Tiridatis
486 811 647 894 opulentis
675 811 769 876 bonis
797 812 945 894 protinus
968 812 1067 877 donat
1094 880 1097 885 ,

75 898 271 982 fratremque,
298 903 472 982 antequam
500 921 559 982 pro
583 901 686 964 salute
709 900 776 963 eius
798 904 996 984 precaretur,
1018 921 1066 965 re-

76 986 179 1052 stituit.
201 985 338 1052 Sceleris
352 991 460 1052 autem
474 991 631 1071 auctores,
643 988 729 1051 inter
743 1009 823 1070 quos
837 985 1067 1072 Callisthenen,
1085 999 1118 1046 ar

74 1075 188 1140 vinctos
207 1075 369 1140 adservari
387 1075 489 1140 iubet:
508 1076 622 1160 quibus
641 1076 675 1139 in
692 1077 816 1160 regiam
835 1076 977 1140 adductis
995 1081 1067 1141 toto

75 1161 117 1226 dio
134 1168 165 1228 et
181 1167 276 1229 nocte
298 1164 446 1247 proxima
463 1186 550 1228 mero
570 1186 607 1229 ac
624 1164 745 1249 vigiliis
767 1164 876 1248 gravis
894 1164 1067 1248 adquievit

37 1247 196 1316 llPostero
215 1254 326 1316 autem
347 1252 499 1336 frequens
517 1253 687 1318 consilium
706 1251 866 1336 adhibuit,
888 1253 939 1316 oui
957 1257 1119 1337 patrasse

73 1340 297 1424 propinquique
324 1362 448 1422 eorum,
475 1339 513 1404 de
540 1342 657 1426 quibus
684 1341 852 1425 agebatur,
878 1341 1068 1426 intererant,

74 1449 107 1492 ue
127 1429 164 1493 de
191 1449 250 1493 sua
276 1429 404 1512 quidem
434 1428 538 1494 salute
566 1428 682 1494 securi:
710 1429 829 1513 quippe
856 1427 1067 1493 Macedonum

74 1537 150 1581 more
172 1517 278 1600 perire
300 1516 473 1601 debebant,
500 1519 644 1582 omnium
666 1517 791 1582 devotis
814 1516 989 1599 capitibus,
1012 1517 1068 1601 qui

75 1605 217 1690 sanguine
239 1605 453 1689 contigissent
473 1627 557 1670 reos.
600 1605 669 1669 Rex
695 1605 855 1671 introduci
882 1606 1067 1669 coniuratos
1086 1615 1120 1664 ac

74 1700 190 1774 praeter
218 1690 439 1758 Callisthenen
465 1693 575 1759 iussit:
607 1699 717 1777 atque,
749 1714 829 1776 quae
856 1694 1068 1777 agitaverant,

75 1780 134 1844 sine
155 1782 357 1846 cunctatione
386 1781 526 1847 confessi
552 1788 636 1846 sunt
680 1782 925 1864 Increpantibus
953 1781 1067 1846 deindo
1086 1791 1120 1840 uo

74 1869 220 1935 universis
252 1891 308 1934 eos
339 1871 410 1955 ipso
441 1892 507 1951 rex,
540 1891 603 1954 quo
635 1891 693 1934 suo
725 1870 841 1934 merito
876 1872 1003 1934 tantum
1034 1869 1069 1934 in

75 1963 166 2023 semet
187 1958 388 2042 cogitassent
409 1958 548 2042 facinus,
569 1959 760 2041 interrogat.
813 1961 829 1996 ⁴¹

477 2114 555 2181 Cur.
581 2115 653 2180 Vll.

151 2221 362 2308 Stupentibus
381 2223 496 2288 ceteris
510 2222 716 2304 Hermolaus,
735 2220 816 2287 ‘Nos
834 2221 933 2306 vero',
952 2223 1068 2307 inquit,
1088 2235 1102 2281 ι

75 2307 237 2395 quoniam,
255 2312 349 2396 quasi
364 2312 499 2394 nescias,
516 2311 652 2395 quaeris,
671 2311 834 2376 occidendi
851 2314 884 2374 te
899 2313 1068 2376 consilium

75 2399 207 2485 iniimus,
235 2400 312 2484 quia
333 2421 400 2464 non
422 2403 459 2464 ut
484 2400 632 2484 ingenuis
655 2400 815 2483 imperare
836 2400 985 2482 coepisti,
1013 2399 1068 2463 scd

74 2491 155 2570 quari
171 2490 206 2554 in
225 2487 384 2571 mancipia
401 2486 580 2552 dominari?
610 2486 739 2552 Primus
756 2509 794 2550 cx
811 2487 958 2550 omnibus
976 2488 1068 2569 pater
1087 2497 1103 2544 a

23 2579 24 2654 ζ
74 2577 165 2658 ipsius
184 2575 322 2660 Sopolis,
340 2575 532 2659 parricidam
551 2576 649 2640 etiam
667 2575 811 2658 parentis
831 2574 880 2637 sui
899 2574 1067 2637 clamitans

23 2689 24 2700 ¹
75 2685 147 2750 esse,
169 2664 336 2750 consurgit
354 2667 387 2728 et
404 2664 445 2728 ad
463 2685 499 2729 os
523 2686 619 2729 manu
642 2664 768 2728 obiecta
787 2661 903 2725 scelere
922 2664 955 2724 et
972 2661 1066 2725 malis

74 2752 278 2819 insanientem
292 2753 379 2817 ultra
393 2756 493 2834 negat
507 2750 706 2816 audiendum.
732 2749 801 2814 Rex
819 2749 958 2814 inhibito
976 2752 1067 2832 patro
1086 2761 1119 2830 3„

23 2911 24 2920 ἦ
74 2839 166 2906 dicere
188 2841 398 2906 Hermolaum
421 2841 526 2921 iubet,
553 2861 633 2922 quae
657 2860 696 2903 ex
718 2837 874 2920 magistro
903 2837 1070 2902 didicisset

23 2929 24 2946 ¹
73 2925 270 2996 Callisthene.
314 2929 359 2993 Ilt
381 2927 586 3011 Hermolaus,
614 2925 730 3009 ‘Utor',
756 2925 876 3009 inquit,
902 2924 1067 2991 ‘beneficio

74 3019 121 3081 tuo
147 3023 180 3084 et
207 3018 293 3102 dico,
324 3039 405 3101 quae
432 3017 553 3081 nostris
579 3015 674 3080 malis
703 3014 810 3078 didici.
859 3012 966 3090 Quota
991 3025 1103 3096 paroc

74 3101 274 3172 Macedonum
305 3105 456 3170 saevitiae
486 3109 561 3169 tuae
593 3103 760 3186 superest?
793 3106 910 3186 quotus
941 3102 1067 3187 quidem

74 3213 129 3258 non
159 3217 178 3260 e
210 3194 367 3260 vilissimo
401 3191 578 3276 sanguine?
626 3192 757 3256 Attalus
793 3196 826 3255 et
857 3190 1003 3255 Philotas
1036 3194 1070 3254 et

74 3278 232 3349 Parmenio
256 3285 289 3347 et
310 3281 485 3366 Lyncestes
509 3280 690 3345 Alexander
714 3283 747 3345 et
769 3275 887 3361 Clitus,
912 3281 1068 3363 quantum

76 3369 108 3433 ad
123 3371 232 3437 hostes
250 3372 405 3455 pertinet,
423 3371 548 3451 vivunt,
567 3373 655 3432 stant
672 3369 707 3432 in
725 3368 806 3445 acie,
824 3372 857 3432 te
871 3367 981 3449 clipeis
1001 3368 1067 3430 suis

74 3463 239 3545 protegunt
257 3463 291 3523 et
312 3481 371 3542 pro
391 3457 496 3542 gloria
513 3462 584 3541 tua,
606 3478 664 3540 pro
683 3456 817 3520 victoria
835 3453 967 3518 vulnera
985 3455 1068 3518 exci-

73 3546 167 3625 piunt:
196 3547 313 3632 quibus
341 3551 377 3611 tu
405 3546 568 3631 egregiam
597 3546 738 3629 gratiam
764 3542 928 3608 rettulisti.
974 3541 1101 3606 Aliuso

74 3651 206 3701 mensam
220 3641 310 3699 tuam
325 3634 480 3718 sanguine
495 3655 552 3699 suo
567 3633 736 3717 adspersit.
762 3631 856 3695 Alius
874 3651 914 3694 ne
929 3628 1066 3713 simplici

1004 3969 1014 4005 l
