2582 4098
229 201 272 266 68
600 198 632 266 Q.
650 199 759 254 GUR'I'I
776 199 862 254 RUFI

228 347 273 412 ite
296 347 336 411 ad
359 347 480 430 copias,
503 345 618 428 quibus
640 344 775 429 quisque
797 347 938 428 praeest:
964 364 1024 428 ego
1047 345 1127 408 iam
1151 345 1234 408 adero

229 439 270 514 et,
294 435 372 519 quid
394 435 463 498 fieri
484 433 590 516 velim,
612 431 788 516 exponam?
824 431 910 498 Raro
933 432 1117 497 admodum
1137 432 1234 496 admo-

228 525 300 589 nitu
323 525 426 607 magis
449 521 633 604 amicorum,
655 543 752 605 quam
773 524 861 585 metu
883 521 1081 585 discriminis
1105 520 1237 585 adeundi

228 613 349 677 thorace
369 611 418 674 uti
441 610 573 674 solebat
606 609 696 674 'Punc
719 630 844 694 quoque
865 610 1069 674 munimento
1098 609 1237 692 corporis

229 703 356 783 sumpto
378 698 534 782 processit
555 697 595 761 ad
617 698 744 762 milites.
783 696 878 761 Hand
901 697 981 761 alias
1002 700 1075 762 tam
1104 699 1239 762 alacrem

229 789 376 851 viderant
405 806 515 870 regem
545 789 578 850 et
608 785 698 850 vultu
725 785 792 850 eius
819 785 966 850 interrito
993 789 1128 850 certam
1159 806 1239 870 spen

228 874 380 940 victoriae
402 875 649 958 augurabantur.

177 985 210 1032 ae
317 962 424 1045 Atque
445 963 500 1026 ille
521 966 654 1046 proruto
675 962 761 1026 vallo
781 962 867 1026 exire
884 962 994 1047 copias
1010 962 1113 1026 iubet
1133 957 1256 1026 aciem-Z

230 1071 291 1134 que
322 1050 473 1134 disponit.
525 1049 565 1114 In
595 1050 706 1115 dextro
738 1070 838 1116 cornu
869 1049 967 1115 locati
998 1053 1077 1113 sunt
1112 1051 1242 1134 equites,

230 1160 310 1222 quos
329 1159 442 1223 agema
459 1139 678 1222 appellabant:
699 1141 846 1222 praeerat
860 1138 912 1203 his
925 1136 1038 1220 Clitus,
1059 1140 1122 1204 cui
1142 1137 1242 1202 iunxit

229 1227 377 1291 Philotae
402 1231 538 1310 turmas,
570 1231 751 1311 ceterosque
773 1227 952 1310 praefectos
975 1226 1131 1311 equitum
1157 1224 1241 1290 lateri

178 1334 210 1383 17
230 1315 298 1378 eius
320 1315 481 1399 adplicuit
518 1314 641 1380 Ultima
657 1314 811 1398 Meleagri
832 1315 885 1378 alo
906 1315 1015 1379 stabat
1036 1337 1147 1398 quam
1171 1315 1240 1398 pha

230 1403 305 1467 lanx
328 1404 530 1487 sequebatur,
558 1405 634 1487 post
654 1402 849 1487 phalangem
871 1402 1111 1487 Argyraspides
1140 1405 1240 1468 erant:

178 1512 211 1561 28
229 1492 279 1555 his
302 1491 452 1575 Nicanor,
474 1490 695 1555 Parmenionis
716 1491 811 1575 filins,
831 1495 986 1574 praeerat
1018 1490 1059 1555 ln
1080 1490 1238 1556 subsidiis

230 1603 302 1645 cum
328 1602 425 1643 manu
448 1601 506 1643 sua
528 1576 664 1661 Coenos,
695 1583 770 1660 post
791 1600 863 1643 eum
886 1578 1019 1645 Orestae
1040 1577 1239 1664 Lyncestae

231 1690 291 1752 que
319 1671 395 1732 sunt
411 1668 520 1750 positi,
550 1669 625 1749 post
646 1667 719 1731 illos
742 1665 953 1750 Polypercon,
980 1671 1050 1731 tum
1072 1665 1237 1752 peregrini

230 1757 362 1820 milites:
385 1756 480 1819 huius
503 1754 642 1838 agminis
664 1754 813 1838 princeps
835 1755 993 1838 Amyntas
1015 1755 1144 1840 aberat,
1169 1754 1237 1819 Phi-

229 1846 335 1928 lippus
358 1843 486 1908 Balacri
510 1865 564 1907 eos
587 1843 720 1928 regebat
740 1843 776 1907 in
798 1843 984 1908 societatem
1005 1865 1111 1927 nuper
1139 1841 1234 1908 adsci-

181 1953 211 2001 re
230 1937 292 1995 tos.
327 1930 416 1995 Haec
439 1932 542 1996 dextri
563 1953 679 1996 cornus
696 1931 793 1994 facies
811 1935 888 1995 erat
918 1931 959 1995 In
975 1931 1066 1996 laevo
1082 1929 1235 1997 Craterus

230 2018 499 2102 Peloponnesium
520 2020 642 2104 equites
664 2018 806 2083 habebat
822 2019 1024 2083 Achaeorum
1047 2023 1079 2083 et
1096 2018 1233 2086 Locren·

231 2106 314 2170 sium
337 2109 370 2169 et
387 2106 526 2169 Malieon
548 2104 662 2170 tu'rmis
685 2107 772 2187 [sibi]
795 2106 963 2171 adiunctis.
998 2106 1068 2172 Hos
1087 2104 1234 2173 Thessali

231 2194 354 2276 equites
376 2194 566 2258 claudebant
582 2193 732 2277 Philippo
755 2195 842 2260 duce.
877 2194 1023 2259 Peditum
1042 2196 1130 2260 acies
1153 2194 1233 2280 equi·

179 2303 213 2351 so
230 2285 301 2345 tatu
322 2281 500 2364 tegebatur.
534 2280 636 2346 Frons
655 2282 738 2346 laevi
756 2304 871 2347 cornus
888 2283 967 2348 haec
985 2287 1062 2347 erat
1108 2281 1178 2350 Sed
1200 2302 1231 2346 nc

232 2370 391 2434 circumiri
412 2372 522 2453 posset
545 2391 564 2432 a
585 2370 799 2453 multitudine,
820 2371 969 2435 ultimum
991 2392 1108 2456 agmen
1130 2371 1233 2437 valida

231 2480 329 2522 manu
352 2457 503 2522 cinxerat.
539 2455 667 2522 Cornua
689 2480 814 2543 quoque
837 2459 987 2523 subsidiis
1007 2460 1154 2524 firmavit
1172 2479 1232 2526 non

230 2550 317 2612 recta
338 2547 455 2630 fronte,
477 2545 533 2610 sed
556 2569 575 2611 a
596 2546 695 2610 latere
716 2547 840 2632 positis,
861 2551 907 2628 ut,
930 2547 958 2612 si
976 2548 1080 2612 hostis
1100 2548 1232 2614 circum-

178 2656 210 2704 31
230 2636 338 2699 venire
366 2636 466 2700 aciem
492 2637 693 2718 temptasset,
721 2639 835 2718 parata
860 2655 988 2720 pugnae
1010 2637 1127 2701 forent.
1177 2634 1231 2701 Hic

230 2723 366 2805 Agriani
393 2726 497 2806 erant,
527 2723 641 2806 quibus
663 2724 793 2788 Attalus
815 2727 975 2807 praeerat,
1002 2723 1165 2789 adiunctis
1189 2745 1231 2788 sa·

231 2811 368 2894 gittariis
400 2809 618 2896 Cretensibus,
654 2848 696 2858 —
731 2811 862 2875 ultimos
898 2812 1025 2876 ordines
1062 2814 1184 2877 avertit
1215 2832 1230 2874 a

230 2899 351 2980 fronte,
382 2902 419 2962 ut
444 2902 546 2962 totam
573 2900 672 2963 aciem
699 2899 776 2964 orbe
798 2899 950 2982 muniret,
981 2936 1023 2946 —
1055 2899 1159 2983 Illyrii
1184 2901 1231 2965 hic

231 2989 323 3049 erant
346 2984 494 3050 adiuncto
516 2987 617 3051 milite
640 2987 783 3051 mercede
805 2987 968 3072 conducto,
991 2987 1132 3052 Thracas
1157 3009 1230 3073 quo

179 3095 212 3143 32
233 3095 293 3158 que
321 3074 416 3138 simul
443 3073 603 3139 obiecerat
628 3075 740 3140 leviter
762 3079 911 3140 armatos.
956 3075 1109 3160 Adeoque
1132 3079 1229 3141 aciem

230 3163 420 3226 versabilem
442 3163 562 3246 posuit,
589 3168 637 3247 ut,
665 3165 719 3247 qui
740 3163 846 3228 ultimi
868 3163 1009 3247 stabant,
1036 3185 1077 3228 ne
1100 3164 1229 3229 circum

230 3251 365 3333 irentur,
391 3251 472 3314 verti
494 3255 603 3316 tamen
626 3253 714 3316 etin
736 3253 876 3316 frontem
899 3252 1071 3336 circumagi
1093 3256 1228 3336 possent

229 3337 343 3422 ltaque
364 3359 431 3403 non
452 3340 571 3423 prima,
594 3362 689 3424 quam
711 3341 825 3421 latera,
846 3362 913 3404 non
935 3340 1036 3404 latera
1058 3343 1228 3406 munitiora

178 3448 211 3496 113
230 3427 331 3510 fuere,
355 3449 450 3511 quam
472 3432 571 3513 terga
615 3427 675 3491 His
697 3429 744 3494 ita
766 3428 920 3493 ordinatis
941 3429 1111 3512 praecipit,
1133 3432 1183 3513 ut,
1203 3423 1253 3494 sibl

229 3515 364 3580 falcatos
394 3538 502 3580 currus
533 3538 605 3580 cum
633 3515 762 3580 fremitu
787 3517 916 3580 barbari
944 3517 1138 3602 emitterent,
1168 3517 1225 3600 ipsi

229 3604 345 3668 laxatis
372 3605 536 3668 ordinibus
563 3604 717 3687 impetum
743 3604 973 3669 incurrentium
1000 3603 1127 3670 silentio
1150 3606 1224 3670 exci-
