2600 4096
235 225 487 282 HISTORIARUM
504 225 718 282 ALEXANDRI
735 227 809 298 vm,
828 233 870 282 14.
990 225 1057 290 225

63 373 120 434 tate
124 393 253 456 ,quum
274 372 503 456 interrogando
525 371 641 437 fecisti.
675 370 846 436 Neminem
870 393 921 436 me
943 371 1056 436 fortio-

63 480 121 523 rem
143 480 213 524 esse
236 461 413 526 censebam.
457 459 546 525 Mens
570 460 655 524 enim
676 481 830 525 noveram
851 460 950 544 vires,
974 480 1055 525 non·
1073 472 1109 521 43

65 547 128 610 dum
160 551 310 632 expertus
341 553 430 612 tuas:
469 548 637 612 fortiorem
669 569 738 613 esse
774 551 807 614 tc
838 547 916 612 belli
946 547 1056 613 docuit

64 638 193 700 eventus.
234 633 297 701 Sed
318 657 359 700 ne
382 637 428 700 sic
452 636 580 720 quidem
602 658 716 719 parum
737 636 818 701 felix
838 659 922 721 sum,
945 656 1056 700 secun·

65 722 114 787 dus
139 722 227 788 tibi'.
277 723 402 789 Rursus
433 724 664 808 interrogatus,
696 724 814 808 quid
804 746 873 808 lpse
899 724 1057 790 victorem

65 813 194 876 statuere
213 813 327 877 debere
347 815 504 896 censeret,
528 811 636 888 ‘Quod
653 810 731 896 hic'‚
753 813 870 897 inquit,
893 812 977 877 ‘dies
995 813 1057 876 tibi

65 900 178 984 suadet,
202 922 264 985 quo
289 904 437 984 expertus
461 921 509 984 es,
531 922 627 985 quem
648 900 767 965 caduce
789 900 927 966 felicitas
950 898 1057 966 esset?

64 986 130 1052 Plus
147 988 305 1054 monendo
324 989 476 1073 profecit,
494 1011 589 1073 quem
608 989 635 1053 si
653 993 802 1072 precatus
821 993 920 1054 esset:
939 989 1057 1074 quippe
1075 1001 1110 1050 44

65 1076 310 1160 magnitudinem
347 1078 446 1142 animi
478 1076 545 1141 eius
577 1077 757 1141 interritam
788 1098 825 1141 ac
855 1098 896 1142 ne
927 1079 1058 1143 fortuna

65 1165 182 1246 quidem
208 1165 379 1232 infractam
404 1187 471 1231 non
493 1164 713 1249 mispricordis
739 1165 850 1249 modo,
879 1166 1057 1231 sedetiam

64 1249 173 1317 honore
201 1255 345 1338 excipere
372 1253 522 1337 dignatus
550 1256 608 1319 est.
653 1253 797 1339 Aegrum
824 1254 949 1320 curavit
970 1253 1057 1319 haud
1075 1265 1111 1316 45

65 1360 144 1406 secus
145 1363 267 1444 ,quam
286 1342 315 1406 si
331 1364 391 1426 pro
410 1342 481 1425 ipso
499 1345 688 1426 pugnasset:
707 1343 931 1408 condimntum
944 1345 1058 1408 contra

66 1449 144 1510 spem
175 1431 320 1495 omnium
350 1431 385 1495 in
417 1430 593 1495 amicorum
620 1451 791 1495 numerum
818 1430 950 1514 recepit,
981 1451 1057 1495 mox

66 1515 187 1582 donavit
226 1519 382 1603 ampliore
417 1538 532 1602 regno,
573 1540 669 1602 qnam
705 1519 818 1584 tenuit.
875 1518 943 1584 Nec
979 1540 1055 1584 scne
1074 1529 1112 1581 46

66 1605 224 1689 quicquam
268 1607 436 1690 ingenium
476 1606 545 1671 eius
587 1607 718 1671 solidius
760 1611 817 1672 cut
857 1607 1056 1672 constantius

66 1689 168 1757 habuit
198 1716 296 1778 quam
327 1694 569 1766 admirationem
599 1716 695 1760 verae
725 1695 828 1760 laudis
854 1699 889 1759 st
918 1694 1057 1780 gloriae:

67 1779 231 1883 simplicius
261 1786 372 1848 temen
402 1783 523 1847 famem
555 1783 787 1847 aestimabat
777 1805 812 1847 m
837 1783 932 1847 hoste
960 1805 1056 1867 quam

66 1867 96 1930 in
115 1869 188 1934 cive.
232 1869 358 1955 Quippe
381 1894 401 1936 a
423 1870 489 1935 suis
512 1870 661 1936 credebat
687 1875 811 1955 magmt
788 1870 941 1936 'tudinem
965 1893 1056 1937 suam

67 1953 177 2022 destrui
204 1981 314 2043 posse,
345 1960 477 2024 eandem
509 1958 678 2024 clariorem
709 1959 792 2044 fore,
824 1981 887 2044 quo
918 1962 1056 2027 maiores

66 2040 205 2131 fuissent,
227 2068 307 2131 quos
329 2049 398 2180 ipse
420 2046 559 2113 vicisset.

449 2345 660 2356 ..an-un·—
