2600 4096
201 177 266 282 soa
571 217 602 283 o.
621 215 836 272 cunmaurr

151 372 183 422 ιτ
202 362 322 428 virium
341 361 473 428 monuit
509 361 554 426 Et
569 360 625 425 ille
642 383 700 445 per
717 360 841 444 ludum,
864 361 945 424 bene
963 360 1038 425 deos
1061 359 1205 444 suadere,

201 451 369 534 respondit
398 451 620 533 revocatisque
654 449 766 514 amicis
796 449 831 512 in
862 448 976 513 horam
1010 447 1073 514 diei
1107 447 1205 512 ferme

151 548 183 598 18
202 539 375 605 secundam
390 536 527 604 convivii
544 541 673 621 tempus
687 537 833 602 extraxit
865 536 935 602 lam
953 537 1008 601 alii
1022 557 1060 601 ex
1074 536 1205 600 cohorte
1281 575 1282 588 κ

202 629 237 692 in
250 628 423 692 stationem
438 629 658 691 successerant
672 629 747 690 ante
761 625 898 691 cubiculi
915 625 1002 691 fores
1015 624 1206 708 excubituri,

203 715 306 780 adhuc
327 719 439 780 tamen
456 713 614 780 coniurati
633 715 763 779 stabant
785 714 853 778 vioe
873 713 972 778 officii
995 713 1046 778 sui
1064 713 1205 796 expleta:

203 804 282 868 adeo
301 803 449 886 pertinax
468 823 540 885 spes
559 806 621 886 est,
645 824 741 886 quam
759 801 917 867 humanae
935 805 1058 866 mentes
1077 801 1207 866 devora·

151 901 184 951 19
202 893 324 956 venmt
360 890 429 955 Rex
451 891 623 974 benignius
644 910 740 975 quam
758 890 840 955 alias
859 890 1025 955 adlocutus
1043 889 1207 954 discedere

203 1001 258 1044 eos
288 979 329 1043 ad
356 977 496 1043 curanda
523 999 670 1062 corpora,
698 979 850 1062 quoniam
875 981 947 1042 tota
968 981 1063 1044 nocte
1092 979 1207 1062 persti-

203 1067 329 1150 tissent,
347 1067 447 1132 iubet
482 1067 569 1132 Data
586 1067 721 1152 siugulis
739 1084 761 1132 L
781 1067 930 1131 sestertia
951 1065 1207 1151 conlaudatique,

205 1155 290 1238 quod
316 1156 414 1220 etiam
442 1155 515 1219 aliis
542 1155 661 1220 tradita
687 1155 755 1219 vice
782 1158 892 1219 tamen
919 1156 1075 1220 excubare
1102 1177 1207 1239 perse-

151 1256 185 1305 20
204 1247 375 1308 verassent
419 1243 473 1308 Illi
495 1247 589 1308 tanta
611 1264 667 1326 spe
690 1243 838 1308 destituti
860 1243 972 1307 domos
993 1242 1127 1309 abeunt.
1166 1242 1249 1307 Etld

204 1331 301 1396 ceteri
323 1331 451 1416 quidem
470 1331 684 1414 expectabant
701 1331 852 1396 stationis
871 1353 948 1396 snae
965 1335 1111 1397 noctem:
1134 1330 1208 1414 Epi·
1283 1353 1284 1356 ¹

203 1442 312 1486 menes
331 1421 398 1485 sive
417 1421 569 1484 comitate
591 1420 691 1504 regis,
714 1441 778 1504 qua
795 1419 902 1502 ipsum
920 1419 1005 1484 inter
1022 1419 1208 1485 coniuratos

204 1511 383 1592 exceperat,
413 1512 544 1591 repente
576 1512 733 1591 mutatus,
770 1507 837 1572 sive
869 1509 944 1592 quia
975 1508 1100 1591 coeptis
1134 1508 1208 1574 deos

203 1598 333 1662 obstare
361 1596 523 1679 credebat,
553 1595 646 1659 fratri
674 1617 730 1661 suo
757 1595 958 1679 Eurylocho,
989 1617 1084 1680 quem
1114 1599 1208 1662 antea

204 1689 369 1769 expertem
387 1706 458 1748 esse
476 1684 602 1749 consilii
620 1685 777 1768 voluerat,
798 1685 874 1768 quid
892 1686 1075 1768 pararetur,
1095 1685 1208 1768 aperit

151 1786 183 1834 21
205 1773 361 1839 Omnibus
387 1772 538 1837 Philotae
564 1772 758 1856 supplicium
785 1772 819 1836 in
841 1773 944 1838 oculis
968 1776 1046 1837 erat
1093 1772 1208 1856 Itaque
1284 1777 1285 1786 ’

203 1863 351 1946 protinus
382 1861 477 1926 inicit
506 1859 602 1925 fratri
629 1882 758 1925 manum
785 1863 820 1934 et
849 1860 883 1924 in
909 1861 1033 1943 regiam
1059 1861 1209 1943 pervenit

204 1950 414 2033 excitatisque
437 1949 624 2014 custodibus
647 1949 791 2032 corporis
810 1948 850 2013 ad
873 1949 1009 2013 salutem
1027 1950 1116 2032 regis
1141 1969 1208 2033 per·

149 2051 184 2099 22
204 2038 319 2121 tinere,
342 2059 423 2121 quae
442 2038 592 2121 adferret,
616 2037 772 2102 adfirmat.
808 2036 854 2101 Et
871 2040 1013 2121 tempus,
1033 2058 1097 2120 quo
1117 2059 1209 2103 vene

203 2129 290 2207 rent,
322 2128 356 2188 et
385 2124 506 2208 vultus,
536 2125 622 2190 haud
654 2147 730 2190 sane
761 2125 864 2192 securi
896 2124 996 2189 animi
1027 2124 1139 2210 index,
1176 2129 1209 2189 et
1285 2189 1286 2206 ,

203 2212 400 2277 maestitiae
419 2213 542 2277 duobus
561 2213 693 2278 alterius
712 2212 934 2278 Ptolemaeum
952 2234 989 2277 ac
1004 2211 1208 2278 Leonnatum
1285 2219 1286 2232 ,

204 2301 396 2366 excubantes
431 2301 472 2365 ad
507 2301 646 2366 cubiculi
676 2302 776 2366 limen
813 2302 1041 2367 excitaverunt
1093 2301 1208 2387 Itaque

203 2389 324 2473 apertis
360 2389 484 2454 foribus
517 2393 549 2454 et
582 2390 704 2454 lumine
738 2390 840 2454 inlato
873 2389 1014 2473 sopitum
1047 2411 1140 2456 mero
1174 2411 1209 2455 ao

203 2500 316 2544 somno
339 2479 482 2543 excitant
503 2499 621 2563 regem.
665 2477 725 2543 Ille
751 2478 908 2561 paulatim
933 2481 1040 2542 mente
1062 2479 1208 2563 collecta,

148 2579 183 2628 aa
203 2569 279 2653 quid
302 2566 472 2650 adferrent,
494 2567 683 2651 interrogat.
719 2564 788 2632 Nec
810 2569 978 2630 cunctatus
999 2566 1206 2648 Eurylochus

202 2679 267 2722 non
294 2678 334 2721 ex
355 2660 427 2721 toto
454 2656 583 2720 domum
610 2677 703 2719 suam
731 2655 871 2719 aversari
898 2654 974 2718 deos
1002 2654 1100 2738 dixit,
1132 2656 1209 2739 qnia

201 2745 303 2809 frater
329 2745 445 2827 ipsius,
474 2765 665 2828 quamquam
688 2743 823 2826 impium
844 2741 969 2807 focinus
992 2764 1089 2806 ausus
1113 2743 1208 2826 foret,

202 2836 311 2896 tamen
326 2836 358 2895 et
371 2832 602 2915 paenitentiam
621 2832 688 2895 eius
704 2836 815 2915 ageret
828 2834 861 2894 et
879 2852 937 2914 per
951 2852 984 2895 se
998 2830 1207 2914 potissimum

202 2919 406 3002 profiteretur
437 2921 599 2985 indicium.
647 2919 686 2983 In
713 2941 784 2984 eam
815 2918 920 3002 ipram
950 2922 1091 3001 noctem,
1124 2939 1207 3004 quae

202 3007 380 3090 decederet,
406 3008 540 3073 insidias
563 3011 755 3093 conparatas
782 3005 881 3071 irrisae
909 3011 1054 3071 auctores
1077 3007 1207 3072 scelesti

149 3107 184 3156 24
203 3095 327 3160 consilii
341 3113 420 3176 esse,
439 3118 518 3179 quos
532 3097 665 3161 minime
679 3096 821 3160 crederet
838 3117 903 3159 rex.
935 3094 1018 3159 Tum
1032 3095 1206 3178 Epimenes

203 3186 318 3249 cuncta
344 3181 455 3249 ordine
478 3185 738 3268 consciorumque
764 3183 897 3248 nomina
922 3184 1062 3266 exponit
1107 3181 1207 3249 Galli·

203 3271 338 3337 sthenen
364 3292 430 3336 non
457 3276 494 3336 ut
515 3272 705 3355 participem
732 3271 884 3336 facinoris
910 3271 1114 3336 nominatum
1137 3291 1207 3336 erse

203 3360 380 3444 constabat,
394 3360 450 3424 sed
465 3360 597 3425 solitum
615 3381 786 3443 puerorum
804 3359 1006 3425 sermonibus
1022 3359 1207 3443 vituperan-

201 3447 285 3512 tium
312 3449 611 3531 criminantiumque
638 3469 746 3532 regem
778 3445 889 3513 faciles
919 3469 1012 3512 aures
1042 3448 1206 3531 praebere.

148 3547 183 3596 ao
202 3536 339 3613 Quidam
366 3538 522 3620 adiciunt,
550 3556 623 3599 eum
645 3535 838 3601 Hermolaus
867 3535 951 3618 apud
979 3557 1051 3600 eum
1078 3555 1204 3620 quoque

202 3624 404 3689 verberatum
427 3647 461 3690 se
484 3647 505 3689 a
521 3642 597 3706 rege
620 3627 819 3708 quereretur,
841 3623 960 3689 dixisse
976 3622 1205 3706 Callisthenen,
