2600 4096
267 205 520 262 HISTORIARUM
537 205 751 261 ALEXANDRI
768 206 846 274 VIII,
865 211 907 261 11.
1023 204 1091 268 215

79 347 231 434 corporis
249 350 398 415 custodes
421 349 511 434 sequi
534 371 568 416 se
590 349 681 414 iubet
702 349 887 434 primusque
908 347 1032 416 invadit
1054 350 1090 415 in

79 459 208 520 rupem.
255 434 325 502 Nec
353 437 465 503 deinde
497 438 668 523 quisquam
697 436 911 504 Mocedonum
942 437 1090 503 substitit

79 525 271 610 relictisque
294 524 488 591 stationibus
517 548 575 591 sua
597 529 711 610 sponte
732 546 842 611 regem
864 525 1089 610 sequebantur.

79 613 266 678 Multorum
296 613 490 679 miserabilis
516 613 579 678 fuit
605 635 711 698 casus,
743 635 823 698 quos
851 616 1142 698 exprasrupta12

79 723 165 785 rupe
188 701 298 786 lapsos
320 702 424 767 amuis
446 701 676 785 praeterfluens
696 701 819 783 hausit,
847 701 942 768 triste
965 705 1089 786 specta-

80 789 195 854 culum
231 789 329 854 etiam
360 811 426 855 non
457 789 729 874 periclitantibus:
765 811 837 856 cum
872 811 948 856 vero
984 789 1089 856 alieno

82 878 202 961 exitio,
226 876 303 961 quid
329 878 410 962 ipsis
437 877 614 943 timendum
639 876 740 962 toret,
767 877 1027 962 admonerentur,
1054 877 1091 942 iu

81 969 210 1030 metum
237 964 458 1031 misericordia
483 987 577 1032 versa
601 987 668 1031 non
694 965 866 1051 extinctos,
892 965 949 1032 sed
976 968 1090 1032 semet-

82 1053 177 1137 ipsos
195 1053 363 1119 deflebant
402 1053 447 1120 Ilt
469 1054 535 1119 iam
558 1075 595 1120 eo
613 1057 802 1139 perventum
819 1058 898 1139 erat,
920 1054 1003 1120 unde
1021 1055 1090 1120 sine
1110 1061 1142 1110 11

81 1141 230 1226 pernicie
246 1142 311 1207 nisi
328 1142 468 1208 victores
485 1143 590 1207 redire
611 1153 676 1207 non
693 1145 834 1226 possent,
850 1141 996 1229 ingentia
1014 1164 1091 1207 saxa

82 1229 119 1294 in
140 1230 314 1294 subeuntes
331 1231 595 1314 provolventibus
612 1229 769 1315 barbaris,
791 1230 862 1314 quis
880 1231 1021 1314 perculsi
1042 1231 1090 1295 in-

82 1317 202 1382 stabili
224 1320 259 1381 et
279 1318 404 1383 lubrico
427 1319 527 1403 gradu
551 1319 746 1403 praecipites
773 1317 968 1384 recidebant
1007 1317 1143 1384 Ilva-14

83 1409 197 1470 serant
222 1408 332 1472 tamen
357 1406 540 1472 Alexander
570 1410 603 1472 et
629 1405 770 1491 Charus,
803 1428 883 1490 quos
915 1428 988 1472 cum
1018 1424 1092 1471 xxx

84 1493 222 1558 delectis
252 1495 465 1578 praemiserat
490 1516 559 1578 rex,
590 1498 623 1560 et
649 1495 715 1559 iam
740 1515 884 1580 pugnare
911 1493 1091 1560 comminus

84 1585 274 1666 coeperant:
302 1581 357 1647 sed
384 1605 456 1649 eum
484 1604 622 1667 superne
648 1583 715 1648 tela
741 1583 872 1648 barbari
898 1583 1091 1668 ingererent,

83 1675 218 1822 {till
231 1669 871 1842 ἒέἶὲἑῗὲἶΐῖῗ011]ζέηὲἓέῗὶἶῖἓῖ
892 1669 1092 1823 stetit
1111 1676 1144 1726 ¹⁶

861 1808 870 1842 2

85 1867 187 1930 quam
222 1847 347 1911 cautius
383 1835 526 1930 dimisit,
563 1847 730 1912 confossus
765 1846 904 1930 undique
935 1846 1091 1911 obruitur.

85 1931 192 2008 Quem
214 1936 252 1998 ut
273 1931 398 2000 Charus
420 1935 579 2000 iacentem
601 1935 776 2019 conspexit,
797 1955 888 1999 ruere
910 1935 946 1998 in
962 1934 1091 2000 hostem
1111 1940 1144 1992 1⁶

86 2022 233 2086 omnium
255 2027 384 2104 praeter
407 2023 564 2088 ultionem
591 2023 759 2087 immemor
781 2023 887 2106 coepit
908 2023 1091 2107 multosque

85 2109 192 2193 hasta,
208 2110 363 2194 quosdam
377 2112 485 2196 gladio
498 2112 673 2176 interemit
704 2108 767 2176 Sed
780 2132 852 2176 oum
865 2113 917 2176 tot
929 2133 1030 2176 unum
1044 2111 1092 2175 in·

87 2201 250 2263 cessarent
267 2220 396 2283 manus,
418 2219 515 2284 super
537 2199 633 2264 amici
655 2220 769 2283 eorpus
791 2200 964 2283 procubuit
986 2198 1093 2264 exani·

86 2285 161 2351 mis.
209 2284 306 2350 Haud
335 2308 440 2372 secus,
467 2309 563 2372 quam
585 2309 645 2371 par
667 2291 750 2367 erat,
776 2287 1092 2372 promptissimorum
1112 2295 1143 2346 17

86 2375 239 2439 iuvenum
258 2379 497 2460 ceterorumque
520 2376 661 2440 militum
679 2375 812 2441 interitu
834 2378 1013 2441 commotus
1035 2396 1092 2439 rex

87 2463 220 2546 signum
245 2464 388 2547 receptui
414 2463 510 2528 dedit.
559 2461 665 2529 Saluti
694 2464 770 2547 fuit,
801 2463 885 2548 quod
913 2463 1032 2527 sensim
1059 2465 1092 2526 et
1111 2468 1144 2519 18

87 2549 242 2635 intrepidi
272 2572 307 2616 se
337 2555 527 2636 receperunt
558 2555 591 2616 et
622 2551 751 2616 barbari
777 2550 904 2615 hostem
932 2548 1091 2632 depulisse

39 2642 77 2706 41
88 2639 235 2704 contenti
262 2660 327 2704 nou
358 2640 505 2705 institere
532 2639 725 2705 cedentibus.
776 2635 925 2703 Ceterum
953 2636 1091 2701 Alexan-
1111 2645 1144 2695 la

88 2726 145 2791 der
168 2747 241 2792 eum
263 2728 432 2793 statuisset
452 2728 606 2793 desistere
630 2727 758 2810 incepto
786 2761 828 2772 -
856 2723 977 2808 quippe
1000 2724 1092 2790 nulla

88 2837 162 2898 spes
193 2815 366 2898 potiundae
391 2819 500 2899 petrae
528 2814 721 2880 offerebatur
750 2848 788 2860 —
817 2816 926 2877 tamen
953 2813 1093 2896 speciem

89 2903 233 2968 ostendit
248 2903 284 2967 in
301 2903 467 2969 obsidione
484 2902 732 2986 perseverantis,
753 2923 830 2966 nam
852 2905 886 2965 et
902 2901 1018 2966 itinera
1036 2901 1093 2966 ob·

88 2991 188 3055 sideri
210 2991 306 3058 iussit
328 2995 360 3057 et
381 2996 486 3056 turres
510 2991 671 3055 admoveri
693 2993 727 3054 et
746 2989 894 3075 fatigatis
917 2990 999 3054 alios
1023 3010 1091 3054 suc·

89 3079 208 3144 cedere.
240 3077 346 3145 'Cuius
365 3078 541 3164 pertinacia
558 3079 690 3164 cognita
706 3077 778 3143 Indi
796 3099 854 3162 per
872 3077 1004 3143 biduum
1022 3075 1090 3161 qui·
1109 3085 1145 3136 2⁰

89 3167 162 3232 dem
194 3188 232 3232 ao
264 3168 343 3233 duas
369 3171 480 3233 noctes
512 3188 584 3233 cum
616 3166 830 3232 ostentatione
861 3187 927 3232 nou
957 3164 1091 3230 fiducias

88 3254 200 3339 modo,
224 3235 282 3321 sed
302 3256 399 3321 etiam
421 3255 574 3321 victuriae
598 3254 719 3339 epulati
747 3257 832 3338 sunt,
853 3257 1010 3338 tympana
1032 3274 1090 3318 suo

88 3346 179 3408 more
201 3345 376 3426 pulsantes.
425 3342 534 3408 Tertia
556 3364 631 3408 vero
654 3345 748 3407 nocte
770 3347 1000 3426 tympanorum
1022 3340 1090 3426 qui·
1109 3349 1142 3398 11

88 3431 162 3496 dem
190 3433 344 3516 strepitus
371 3432 510 3497 desierat
536 3430 653 3514 audiri,
679 3433 820 3496 ceterum
847 3451 885 3493 ex
906 3431 977 3494 tota
999 3433 1092 3514 petra

89 3520 177 3585 laces
199 3520 418 3606 refulgebant,
440 3541 520 3604 quas
543 3519 753 3584 accenderant
774 3517 912 3600 barbari,
934 3519 971 3582 ut
990 3518 1092 3582 tutior

90 3613 177 3674 esset
193 3609 273 3691 ipsis
296 3609 374 3694 fuga
396 3609 531 3674 obscura
552 3612 646 3673 noete
668 3628 726 3690 per
742 3606 830 3670 invia
848 3625 925 3670 saxa
942 3605 1092 3670 cursuris.
