2582 4098
262 196 515 254 HISTORIARUM
532 199 748 254 ALEXANDRI
770 199 822 269 IV,
843 207 883 256 13.
1032 200 1073 264 67

38 353 258 424 noctemque
285 341 434 406 velutin
460 363 531 406 eam
558 343 730 406 certamine
759 343 861 409 edicto
888 346 975 408 metu
1003 364 1073 429 ege·

41 430 149 492 runt.
198 428 379 493 Alexander
405 451 473 494 non
498 431 577 494 alias
599 431 702 515 magis
725 432 856 496 territus
879 431 920 496 ad
943 435 1019 496 vota
1042 436 1074 497 et
1093 451 1125 500 15

42 537 177 598 preces
191 515 419 582 Aristandrum
441 519 549 583 vocari
570 518 668 584 iubet
703 517 762 582 Ille
780 519 814 584 in
834 519 969 583 candida
985 524 1073 586 veste

43 603 224 669 verbenas
241 626 340 669 manu
358 605 541 688 praeferens
560 607 664 691 eapite
682 608 789 671 velato
802 607 950 690 praeibat
962 628 1071 691 preces

43 690 1124 867 :sericlerae:lacerata1,

48 867 274 952 adquieturus
297 869 331 932 in
354 869 595 934 tabernaculum
617 871 720 935 rediit.
759 868 820 936 Sed
842 892 902 936 nec
925 893 1073 937 somnum

49 977 180 1038 capere
203 978 262 1022 nec
285 958 425 1040 quictem
447 958 515 1041 pati
537 961 677 1042 poterat:
700 958 794 1023 modo
818 980 834 1023 e
855 959 932 1044 iugo
953 961 1073 1025 montis

50 1045 168 1108 aciem
189 1045 225 1108 in
247 1044 394 1110 dextrum
414 1045 584 1110 Persarum
608 1067 706 1110 cornu
729 1046 895 1111 demittere
918 1047 1073 1133 agitabat,

50 1131 161 1196 modo
183 1137 272 1197 recta
289 1133 396 1198 fronte
412 1154 599 1198 concurrere
615 1133 710 1217 hosti,
732 1134 894 1198 interdum
906 1135 1073 1221 haesitare,

53 1242 103 1283 an
128 1221 240 1303 potius
262 1222 298 1284 in
315 1221 441 1285 laevum
459 1222 661 1304 detorqueret
679 1241 803 1306 agmen.
839 1221 984 1288 Tandem
1000 1241 1123 1309 gra-1⁷

51 1311 178 1372 vatum
201 1309 302 1374 animi
324 1309 485 1374 anxietate
508 1331 623 1394 corpus
642 1309 737 1374 altior
756 1331 886 1376 somnus
905 1312 1072 1394 oppressit

10 1397 41 1460 :9
153 1395 287 1481 Iamque
305 1397 376 1462 luce
394 1400 467 1462 orta
480 1397 575 1462 duces
591 1399 631 1462 ad
651 1397 835 1481 accipienda
851 1399 985 1482 imperia
998 1422 1071 1464 con-

55 1488 223 1550 venerant
253 1485 384 1550 insolito
421 1487 504 1550 circa
538 1487 734 1569 praetorium
768 1485 895 1551 silentio
928 1488 1071 1552 attoniti:

57 1573 184 1656 quippe
207 1573 287 1637 alias
310 1594 469 1638 accersere
491 1574 579 1657 ipsos
603 1577 635 1638 et
655 1573 816 1638 interdum
837 1577 998 1640 morantes
1020 1591 1123 1642 cra-18

58 1661 186 1744 stigare
209 1661 404 1745 adsueverat,
429 1665 570 1726 tuncne
592 1663 706 1726 ultimo
729 1662 857 1746 quidem
879 1684 986 1727 rerum
1009 1662 1070 1728 dis·

59 1749 198 1812 crimine
237 1750 410 1814 excitatum
446 1771 515 1814 esse
550 1751 750 1814 mirabantur
786 1754 818 1814 et
854 1771 921 1814 non
957 1772 1070 1816 somno

60 1837 242 1921 quiescere,
265 1838 320 1902 scd
342 1858 460 1921 pavore
483 1858 622 1902 marcere
646 1837 825 1902 credebant.
866 1837 941 1902 Non
963 1841 1071 1903 tamen
1093 1857 1123 1904 ra

62 1925 236 2008 quisquam
258 1947 297 1989 ex
319 1925 503 1990 custodibus
525 1927 668 2009 corporis
690 1926 811 1989 intrare
829 1927 1070 1991 tabernaculum

63 2013 217 2077 audebat:
250 2016 283 2078 et
312 2013 377 2078 iam
407 2016 534 2097 tempus
565 2013 708 2078 instabat
736 2034 794 2078 nee
825 2014 916 2078 miles
947 2014 1071 2079 iniussu

64 2101 156 2164 ducis
179 2105 235 2165 aut
257 2123 347 2166 arma
369 2122 482 2185 capere
503 2104 631 2184 poterat
651 2106 707 2165 aut
724 2101 758 2166 in
775 2101 902 2167 ordines
915 2103 970 2167 ire.
1006 2101 1070 2168 Diu
1090 2121 1123 2169 2ο

65 2187 235 2254 Parmenio
260 2192 441 2273 cunctatus,
464 2189 570 2253 eibum
592 2193 630 2254 ut
652 2193 817 2275 caperent,
839 2191 906 2274 ipse
929 2213 1071 2274 pronun-

64 2277 138 2340 tiat
179 2276 311 2360 Iamque
339 2277 423 2341 exire
449 2297 579 2342 neeesse
607 2281 688 2342 arat:
720 2281 799 2344 tune
821 2279 949 2343 demum
971 2281 1072 2344 intrat

65 2364 309 2429 tabernaculum
345 2365 533 2450 saepiusque
568 2366 698 2430 nomine
734 2367 962 2450 conpellatum,
999 2389 1070 2432 cum

68 2473 147 2517 voce
169 2474 235 2518 non
257 2456 380 2537 posset,
405 2457 494 2517 tactu
518 2454 675 2518 excitavit.
721 2454 835 2518 ‘Multa
857 2454 934 2537 lux’,
956 2456 1070 2540 inquit,
1089 2473 1121 2521 21

70 2541 145 2605 ‘estz
169 2541 358 2606 instructam
380 2542 480 2606 aciem
501 2542 604 2606 hostis
628 2542 782 2606 admovit:
805 2546 879 2606 tuus
902 2541 994 2605 miles
1018 2543 1070 2606 ad·

68 2629 134 2693 huc
161 2629 289 2694 inermis
321 2632 469 2714 expectat
498 2631 675 2714 imperium.
723 2628 789 2695 Ubi
820 2632 870 2693 est
899 2630 992 2713 vigor
1017 2630 1070 2693 ille

72 2717 168 2782 animi
196 2717 270 2782 tui?
310 2738 424 2801 nempe
455 2718 591 2782 excitare
620 2718 733 2802 vigiles
760 2716 867 2781 soles.'
912 2716 965 2780 Ad
991 2717 1070 2783 haec
1088 2736 1122 2784 22

71 2805 266 2870 Alexander:
303 2803 483 2871 ‘credisne
501 2826 552 2869 me
580 2806 669 2888 prius
699 2826 847 2870 somnum
876 2827 987 2889 capere
1014 2828 1070 2889 po·

71 2893 181 2976 tuisse,
211 2915 307 2977 quam
338 2894 535 2960 exonerarim
565 2893 707 2958 animum
734 2892 960 2977 sollicitudine,
989 2915 1070 2978 quae

74 2981 206 3064 quietem
224 2980 442 3046 morabatur?
465 2982 656 3066 signumque
676 3001 804 3066 pugnae
824 2981 904 3045 tuba
921 2981 990 3045 dari
1007 2982 1070 3046 ius·

76 3070 126 3134 sit.
157 3069 293 3133 Etcum
314 3069 350 3132 in
372 3068 482 3134 eadem
506 3069 715 3134 admiratione
734 3067 902 3134 Parmenio
925 3091 1068 3153 perseve-
1089 3088 1122 3135 23

75 3160 164 3240 reret,
184 3157 268 3240 quod
290 3157 432 3222 solutum
455 3177 488 3222 se
511 3156 595 3222 euris
618 3178 766 3223 somnum
789 3157 910 3242 cepisse
931 3157 1070 3242 dixisset,

78 3243 239 3330 ‘Minime',
265 3245 378 3330 inquit,
406 3243 534 3309 ‘mirum
557 3247 619 3309 est:
642 3265 702 3330 ego
725 3245 825 3330 enim,
852 3267 925 3310 cum
946 3243 1069 3311 Dareus

78 3338 187 3398 terram
207 3337 323 3418 ureret,
344 3334 431 3399 vicos
454 3333 646 3417 excinderet,
669 3334 822 3399 alimenta
843 3338 1069 3418 corrumperet,

81 3425 183 3506 potens
208 3421 272 3486 mei
293 3443 361 3488 non
383 3443 486 3486 eram:
517 3442 604 3486 nunc
626 3443 700 3488 vero
723 3422 799 3506 quid
821 3425 974 3505 metuam,
998 3444 1070 3487 cum
1089 3440 1118 3488 24

83 3511 143 3574 acie
161 3509 324 3574 decernere
346 3509 460 3592 paret?
487 3507 638 3593 Hercule,
664 3513 775 3574 votum
797 3531 905 3574 meum
926 3509 1070 3594 inplevit.

84 3597 138 3664 Sed
157 3597 246 3662 huius
270 3598 395 3663 consilii
416 3600 530 3682 postea
552 3618 677 3683 quoque
699 3599 781 3664 ratio
803 3596 960 3662 reddetur.
1001 3596 1069 3668 Vos
1088 3615 1120 3665 aa

874 3703 910 3752 ὅ*
