2602 4094
231 179 296 244 252
603 176 635 242 Q.
654 176 765 234 CUBTI
781 177 867 232 RUFI

231 327 335 408 erant,
365 322 504 407 undique
536 321 576 388 ad
607 343 706 388 nares
739 321 857 405 trepidi
890 324 923 386 et
954 320 1119 404 inproviso
1144 322 1218 386 malo

180 424 212 473 12
230 411 364 478 attoniti
386 413 564 477 recurrunt
609 407 672 475 Sed
698 410 733 476 in
754 409 897 476 tumultu
920 408 1087 476 festinatio
1110 432 1219 495 quoque

230 500 325 566 tarda
345 503 404 566 ast
438 498 484 564 Hi
502 498 606 564 contis
624 498 756 583 navigia
772 499 946 582 pellebant,
968 497 1013 581 hi,
1035 498 1111 564 dum
1128 520 1219 564 remos

180 601 211 648 13
231 588 338 674 aptari
360 587 556 671 probabant,
578 586 802 653 consederant:
822 585 954 672 quidam
975 587 1144 672 enavigare
1159 609 1220 670 pro·

229 681 380 762 perantes
399 674 481 757 [aad]
500 695 566 740 non
584 674 773 760 expectatis,
791 677 848 758 qui
864 675 962 740 simul
981 695 1051 740 esee
1068 675 1221 757 debebant,
1274 729 1275 744 ,

231 765 344 831 clauda
361 768 394 829 at
410 763 570 830 inhabilia
585 763 718 848 navigia
735 762 887 847 languide
901 762 1134 829 moliebantur:
1150 764 1221 828 aliae

229 854 361 919 navium
387 851 569 917 inconsulte
594 855 724 918 ruentes
749 873 815 917 non
836 856 1024 935 receperant
1053 852 1222 937 pariterque

179 953 213 1001 rs
231 947 265 1007 at
286 940 461 1007 multitudo
483 943 517 1006 et
538 942 685 1025 paucitas
711 939 902 1006 festinantes
924 940 1122 1006 morabatur.
1163 937 1222 1004 Cla

230 1051 302 1095 mor
327 1029 404 1094 hinc
430 1033 611 1114 expectare,
639 1029 716 1094 hinc
740 1028 790 1094 ire
817 1029 998 1094 iubentium
1026 1028 1222 1112 dissonaeque

230 1139 325 1184 voces
346 1138 507 1201 nusquam
526 1118 612 1184 idem
629 1120 726 1202 atqua
743 1139 842 1181 unum
859 1115 1061 1182 tendentium
1079 1138 1147 1183 non
1162 1138 1223 1182 ocu·
1275 1131 1276 1148 *

179 1206 337 1272 selorum
359 1206 455 1272 modo
474 1227 578 1290 usum,
600 1206 656 1271 sed
675 1206 773 1270 etiam
792 1206 918 1271 aurium
937 1205 1151 1271 abstulerant.
1182 1203 1223 1268 Ne

230 1295 265 1360 in
291 1293 562 1379 gubernatoribus
590 1293 721 1378 quidem
747 1293 918 1378 quicquam
945 1294 1017 1378 opis
1046 1301 1129 1376 erat,
1159 1314 1224 1379 quo·

228 1405 301 1448 rum
330 1404 391 1449 nec
422 1381 565 1448 exaudiri
592 1404 655 1448 uox
677 1405 698 1447 a
718 1382 991 1448 tumultuantibus
1023 1385 1153 1467 poterat
1176 1401 1224 1446 nec

179 1485 211 1532 16
228 1471 400 1556 imperium
417 1493 437 1536 a
454 1470 576 1536 territis
594 1469 873 1555 inconpositisque
890 1470 1021 1535 servari.
1057 1469 1147 1556 Ergo
1164 1491 1224 1535 con-

229 1561 288 1625 lidi
310 1559 395 1625 inter
417 1581 452 1624 se
474 1580 572 1624 naues
595 1559 838 1644 abstergerique
860 1559 999 1624 invicem
1021 1559 1103 1624 remi
1125 1556 1225 1623 etalii

230 1648 368 1714 aliorum
386 1647 519 1732 navigia
535 1667 651 1731 urgere
670 1650 851 1731 coeperunt
887 1645 1041 1712 Crederes
1057 1669 1124 1712 non
1142 1647 1225 1712 unius

230 1737 388 1802 exercitus
409 1736 544 1801 classem
562 1735 648 1816 vehi,
670 1734 724 1801 sed
744 1735 880 1800 duorum
898 1735 1012 1801 navale
1030 1735 1151 1800 initum
1168 1753 1225 1799 asse

178 1837 211 1886 1⁷
230 1829 400 1890 certamen.
431 1823 674 1890 Incutiebantur
690 1824 852 1907 puppibus
865 1845 990 1907 prorae,
1008 1823 1226 1907 premebantur

230 1912 490 1999 asequentibua,
517 1913 572 1996 qui
598 1913 823 1977 antecedentes
850 1912 1073 1977 turbaverant:
1105 1912 1225 1995 iurgan-

178 2001 312 2066 latium
333 2001 384 2065 ira
406 1999 614 2085 perveniebat
635 2001 734 2065 etiam
757 1999 798 2066 ad
820 2021 944 2065 manus.
976 1998 1110 2085 Iamque
1128 1992 1260 2065 aestuati

229 2092 317 2153 totos
345 2090 429 2153 circa
456 2089 574 2154 flumen
601 2110 731 2172 campos
753 2088 966 2154 inundaverat
988 2087 1124 2153 tumulis
1149 2087 1225 2152 dun·

229 2179 322 2241 taxat
339 2177 555 2242 eminentibus
573 2176 662 2242 uelut
678 2176 792 2241 insulis
810 2177 929 2260 parvis,
947 2177 982 2240 in
995 2198 1076 2260 quos
1090 2175 1226 2260 plerique

179 2277 211 2326 19
230 2264 348 2349 trepidi
380 2265 508 2329 omissis
538 2265 680 2350 nauigiis
712 2286 808 2330 enare
840 2268 1029 2348 properant
1082 2263 1226 2348 Dispersa

230 2354 343 2419 classis
374 2351 494 2436 partim
525 2352 560 2418 in
589 2354 735 2437 praealta
766 2374 850 2436 aqua
879 2353 1002 2431 stabat,
1034 2373 1099 2437 qua
1129 2353 1226 2418 subse·

229 2443 344 2508 derant
375 2441 490 2524 valles,
524 2441 645 2525 partim
676 2441 712 2506 in
741 2440 824 2505 vado
860 2440 1029 2526 haerebat,
1064 2443 1225 2524 utcumque

228 2530 399 2616 inaequale
429 2533 536 2594 terrae
562 2528 731 2614 fastigium
758 2532 992 2612 occupaverant
1013 2528 1133 2594 undae:
1163 2548 1226 2593 cun

177 2632 211 2680 ao
230 2620 339 2686 subito
361 2640 464 2685 novus
488 2622 521 2683 et
541 2617 679 2701 pristino
701 2617 805 2682 maior
821 2623 928 2682 terror
944 2618 1110 2683 incutitur.
1146 2615 1226 2682 Reci-

229 2707 357 2790 procari
392 2707 499 2790 coepit
532 2727 622 2772 mare
658 2726 778 2790 magno
814 2709 922 2770 tractu
953 2706 1044 2790 aquis
1075 2707 1112 2770 in
1143 2723 1227 2770 suun

228 2794 348 2860 fretum
378 2793 616 2861 recurrentibus
647 2794 864 2878 reddebatque
895 2797 999 2858 terras
1029 2793 1129 2877 paulo
1160 2795 1227 2857 anta

230 2881 389 2967 profundo
421 2883 490 2948 salo
521 2904 653 2948 mersae.
699 2881 804 2967 Igitur
830 2881 987 2947 destituta
1011 2881 1146 2966 navigia
1170 2879 1228 2945 alia

252 2969 482 3052 raecipitantur
512 2972 547 3036 in
571 2992 698 3055 proras,
729 2971 795 3036 alia
819 2969 854 3034 in
881 2971 985 3035 latera
1010 2969 1228 3054 procumbunt.

229 2994 333 3125 isati
360 3062 451 3122 erant
482 3061 588 3145 campi
615 3059 762 3143 sarcinis,
794 3059 904 3141 armis,
936 3057 1121 3124 avulsarum
1143 3057 1227 3124 tabu·

178 3147 337 3212 silerum
368 3167 591 3231 remorumque
621 3147 818 3232 fragmentis.
858 3145 953 3212 Miles
980 3168 1039 3212 nec
1067 3145 1174 3231 egredi
1197 3143 1227 3206 in

229 3238 348 3300 terram
367 3256 428 3300 nac
444 3235 479 3298 in
495 3257 577 3300 nave
595 3236 769 3300 subsistere
789 3235 937 3319 audebat,
953 3233 1128 3300 identidem
1143 3253 1227 3318 prae

229 3324 375 3388 sentibus
403 3323 566 3408 graviora,
593 3343 674 3408 quae
697 3326 919 3408 aequarentur,
944 3327 1125 3407 expectans.
1159 3318 1227 3400 Vix,

229 3433 311 3496 quae
335 3411 609 3496 perpetiebantur,
635 3412 743 3476 videre
768 3412 857 3495 ipsos
880 3410 1065 3495 credebant,
1091 3409 1226 3476 insieco

176 3512 210 3562 aa
228 3500 412 3585 naufragia,
433 3500 469 3564 in
491 3499 579 3564 amni
600 3521 696 3564 mare.
732 3498 800 3564 Nec
822 3499 896 3564 finis
919 3500 1093 3564 malorum:
1115 3498 1226 3583 quippe

232 3592 357 3652 aestum
379 3588 475 3666 paulo
498 3589 575 3668 post
596 3607 685 3650 mare
707 3588 892 3671 relaturum,
915 3609 977 3672 quo
1000 3586 1132 3672 navigia
1147 3583 1225 3649 adle-
