2552 4108
218 214 238 278 6
585 212 617 278 o.
636 211 848 268 ouarrnun

219 358 458 423 distrinxerunt:
490 356 546 422 alii
571 357 691 422 laetum
717 357 749 422 id
772 357 842 439 regi
865 356 1025 423 somnium
1048 378 1118 422 esse
1142 357 1231 423 dice·

218 447 306 530 bant,
327 445 412 531 quod
434 447 540 510 castre
560 444 703 511 hostium
722 446 882 530 arsissent,
906 445 991 530 quod
1004 445 1231 510 Alexandrum

218 535 363 619 deposita
385 533 474 618 regia
496 536 582 598 veste
604 534 639 597 in
660 533 789 599 Persico
812 537 846 598 et
866 533 993 618 vulgari
1013 533 1129 598 habitu
1151 556 1230 618 per-

184 643 200 692 5
219 624 348 689 ductum
371 621 411 686 ad
434 642 467 686 se
489 621 629 686 vidisset
674 621 810 698 Quidam
833 625 945 688 contra
968 622 1231 707 unguebantur:

218 712 335 795 quippe
357 709 494 774 illustria
510 708 720 774 Macedonum
742 712 847 775 castra
868 710 937 775 visa
955 709 1114 796 fulgorem
1142 715 1225 782 Ale·

217 799 338 862 xandro
356 798 554 880 portendere,
578 798 662 882 quod
686 803 793 864 vatem
815 798 972 864 Persicam
994 819 1032 862 ac
1057 799 1231 884 vulgarem

218 886 396 970 habuisset,
426 885 512 951 haud
540 886 688 971 ambigue
714 908 849 972 regnum
871 885 983 971 Asiae,
1016 887 1171 971 quoniam
1195 888 1231 952 in

219 975 331 1039 eodem
352 972 465 1039 habitu
486 973 610 1039 Dareus
632 975 759 1060 fuisset,
788 997 860 1039 cum
884 975 1064 1061 appellatus
1087 979 1139 1040 est
1162 997 1231 1040 ren

186 1060 338 1131 sVetera
364 1083 489 1146 quoque
517 1062 638 1144 omina,
667 1066 704 1127 ut
724 1063 791 1128 fere
812 1065 861 1146 fit,
892 1062 1072 1130 sollicitudo
1095 1084 1231 1128 revoca·

220 1153 323 1215 verat:
352 1151 560 1216 recensebant
582 1153 667 1216 enirn
689 1150 831 1216 Dareum
857 1152 892 1216 in
918 1151 1076 1235 principio
1099 1151 1231 1236 imperii

219 1239 369 1323 vaginam
392 1239 529 1306 acinacis
546 1238 707 1304 Persicam
727 1239 860 1305 iussisse
880 1240 998 1305 mutari
1015 1240 1051 1304 in
1070 1260 1143 1304 eam
1163 1241 1231 1306 for-

220 1349 314 1410 mam,
337 1349 399 1411 qua
418 1326 531 1392 Graeci
552 1330 725 1411 uterentur,
746 1327 957 1413 protinusque
976 1326 1157 1394 Chaldaeos
1180 1328 1231 1392 in·

220 1417 426 1500 terpretatos,
456 1415 624 1499 imperium
652 1414 821 1481 Persarum
851 1415 893 1480 ad
922 1437 977 1483 eos
1005 1416 1231 1501 manaturum,

187 1522 353 1589 equorum
383 1525 471 1568 arma
494 1506 579 1568 esset
600 1502 752 1569 imitatus.
797 1502 946 1570 Ceterum
967 1504 1037 1588 ipsc
1060 1507 1093 1568 et
1114 1508 1230 1570 vatum

219 1613 383 1677 responso,
406 1590 492 1675 quod
514 1591 666 1656 edebatur
687 1591 723 1657 in
739 1593 864 1678 vulgus,
887 1596 920 1658 et
938 1592 1051 1678 specie,
1073 1614 1156 1676 quae
1172 1615 1232 1676 per
1265 1627 1266 1660 r

221 1701 368 1746 somnum
396 1678 504 1744 oblata
531 1683 612 1764 erat,
644 1679 814 1747 admodum
840 1682 946 1746 laetus
969 1684 1074 1746 castra
1096 1680 1137 1745 ad
1162 1680 1230 1746 Eu·

220 1770 356 1852 phraten
378 1767 498 1833 moveri
519 1768 617 1833 iubet

186 1875 202 1923 s
307 1854 415 1922 Patrio
438 1878 526 1922 more
548 1855 718 1922 Persarum
739 1857 893 1922 traditum
916 1858 966 1922 est
987 1858 1058 1921 orto
1081 1857 1149 1921 sole
1175 1855 1255 1922 del

220 1965 308 2008 mum
334 1945 511 2026 procedere.
555 1943 615 2009 Die
642 1946 707 2010 iam
732 1946 850 2010 illustri
877 1945 1005 2029 signum
1033 1965 1050 2008 e
1077 1944 1230 2009 taberna-

221 2030 293 2095 culo
314 2031 400 2115 regis
421 2031 537 2096 bucina
559 2031 702 2098 dabatur.
743 2031 845 2118 Super
866 2033 1117 2115 tabernaculum,
1139 2034 1229 2098 unde

221 2118 261 2183 ab
289 2118 437 2183 omnibus
460 2119 599 2202 conspici
620 2124 742 2206 posset,
772 2122 880 2206 imago
904 2121 980 2187 solis
1004 2120 1153 2204 crystallo
1180 2121 1229 2186 in·

187 2206 310 2274 sclusa
331 2205 484 2292 fulgebat
521 2206 605 2272 Ordo
629 2212 735 2273 autem
759 2209 896 2295 agminis
919 2211 989 2273 crat
1009 2209 1093 2273 talis.
1124 2205 1229 2293 Ignis,

222 2316 316 2378 quem
337 2294 401 2378 ipsi
423 2317 548 2360 sacrum
571 2299 604 2360 ct
626 2300 790 2362 aeternum
810 2298 976 2381 vocabant,
999 2296 1161 2382 argenteis
1184 2300 1229 2362 al·

170 2401 203 2450 10
221 2382 344 2447 taribus
370 2383 617 2466 praeferebatur.
661 2384 751 2471 Magi
774 2386 911 2470 proximi
932 2385 1073 2469 patrium
1095 2405 1229 2451 cannen

221 2471 386 2539 canebant.
417 2470 532 2557 Magos
549 2474 683 2539 trecenti
702 2477 734 2538 et
752 2475 919 2558 sexaginta
936 2473 1075 2557 quinque
1093 2472 1229 2539 iuvenes

221 2560 435 2645 sequebantur
451 2561 594 2644 puniceis
613 2563 756 2627 amiculis
774 2561 880 2646 velati,
903 2561 1014 2627 diebus
1032 2560 1133 2625 totius
1147 2563 1230 2626 anni

220 2669 312 2730 pares
338 2670 486 2715 numero:
523 2650 640 2734 quippe
662 2650 767 2715 Persis
793 2670 918 2735 quoque
940 2649 976 2712 in
998 2649 1133 2714 totidem
1155 2649 1228 2715 dies

170 2754 201 2804 11
222 2735 389 2819 discriptus
421 2740 470 2802 est
501 2760 611 2803 annus.
655 2737 791 2805 currum
823 2736 934 2803 deinde
963 2737 1033 2804 Iovi
1065 2739 1230 2802 sacratum

221 2823 363 2888 albentes
398 2827 558 2892 vehebant
592 2827 691 2911 equi:·
726 2827 786 2892 hos
822 2826 956 2891 eximiae
992 2824 1228 2910 magnitudinis

222 2932 333 2995 equus,
368 2935 462 2997 quem
491 2913 575 2980 Solis
605 2915 822 3001 appellabant,
853 2914 1054 2999 sequebatur.
1098 2911 1229 2978 Aureae

171 3019 202 3066 12
221 2998 330 3083 virgae
349 3003 381 3064 et
398 3001 489 3067 albae
502 3007 606 3069 vestes
620 3007 767 3089 regentes
781 3024 880 3088 equos
894 3001 1102 3066 edomabant
1128 2999 1229 3067 Haud
1260 3001 1261 3028 ¹

220 3087 332 3170 procul
361 3092 452 3153 erant
479 3090 623 3156 vehicula
652 3092 760 3158 decem
789 3091 891 3156 multo
921 3111 998 3156 auro
1026 3091 1228 3174 argentoque

171 3195 203 3244 13
222 3176 353 3240 caelata.
387 3175 585 3262 Sequebatur
606 3179 686 3246 haec
709 3179 869 3266 equitatus
892 3176 1058 3244 duodecim
1080 3176 1228 3262 gentium

221 3263 319 3328 variis
341 3266 439 3331 armis
462 3269 495 3331 et
516 3268 666 3333 moribus.
710 3267 852 3334 Proximi
873 3267 978 3350 ibant,
1006 3286 1086 3350 quos
1108 3263 1227 3330 Persae

221 3347 422 3418 Immortalcs
444 3358 569 3436 vocant,
593 3357 632 3420 ad
651 3356 759 3422 decem
777 3356 875 3420 milia.
912 3353 1024 3420 Cultus
1043 3353 1227 3437 opulentiae

221 3438 377 3506 barbarae
399 3464 465 3508 non
488 3444 567 3509 alios
590 3446 693 3530 magis
715 3444 925 3511 honestabat:
956 3443 1004 3507 illi
1028 3462 1140 3506 aureos
1162 3445 1227 3506 tor·

223 3548 310 3613 ques,
331 3529 378 3593 illi
399 3536 520 3598 vestem
543 3556 619 3601 auro
643 3534 828 3599 distinctam
845 3530 1011 3596 habebant
1035 3529 1227 3594 manicatas·

171 3634 204 3685 14
223 3635 282 3700 quc
309 3617 447 3704 tunicas,
477 3623 612 3707 gemmis
635 3623 732 3686 etiam
755 3620 935 3686 adornatas.
979 3617 1107 3701 Exiguo
1129 3616 1227 3682 inter·
1257 3693 1258 3700 ἵ
