2602 4094
256 174 508 231 HISTORIARUM
525 174 738 230 ALEXANDRI
755 174 843 245 VIIII,
863 181 904 232 10.
1018 175 1083 238 255

78 321 146 385 sine
166 319 257 385 clade
274 341 335 386 neo
352 319 505 404 progredi
522 322 685 404 poterant:
703 322 868 383 manentes
881 317 994 402 fames,
1011 341 1083 404 pro-

78 429 208 494 gressos
237 409 337 474 acrior
362 407 547 492 pestilentia
569 408 716 491 urgebat.
760 407 850 493 Ergo
873 408 969 472 strati
991 413 1084 474 erant
1105 419 1136 468 14

78 497 182 580 campi
201 517 303 581 paene
321 495 469 580 pluribus
488 496 651 561 semivivis
670 518 766 580 quam
785 496 1002 562 cadaveribus.
1035 496 1084 563 Ao

77 607 117 650 ne
140 585 245 650 levius
270 583 399 669 quidem
423 585 513 668 aegri
535 585 625 668 sequi
645 588 809 668 poterant:
831 585 949 669 quippe
968 605 1085 668 agmen

77 673 199 757 raptim
218 674 376 757 agebatur
393 675 522 738 tantum
540 673 678 759 singulis
697 673 738 736 ad
757 694 847 756 spem
866 673 979 738 salutis
995 674 1084 758 ipsos

77 762 233 845 proficere
252 761 464 844 credentibus,
482 764 639 844 quantum
657 761 782 825 itineris
799 760 981 827 festinando
994 785 1084 846 prae·

79 851 231 932 ciperent.
278 848 383 934 Igitur
410 849 466 934 qui
494 849 675 914 defecerant
701 854 796 914 notos
819 850 1025 935 ignotosque,
1046 855 1084 916 ut
1104 859 1137 911 15

78 938 318 1019 adlevarentur,
340 938 489 1003 orabant:
520 939 575 1002 sed
597 959 657 1002 nec
678 938 823 1002 iumenta
846 944 948 1022 erant,
970 941 1084 1023 quibus

79 1026 185 1110 excipi
203 1029 345 1109 possent,
363 1029 396 1090 et
413 1027 508 1091 miles
526 1025 580 1090 vix
599 1048 688 1091 arma
706 1025 859 1109 portabat
875 1028 1086 1094 imminentis·

79 1135 139 1198 que
160 1118 193 1179 et
210 1115 290 1197 ipsis
308 1114 408 1179 facies
427 1113 506 1179 mali
525 1118 599 1179 ante
618 1115 727 1180 oculos
744 1116 822 1178 erat.
853 1114 942 1201 Ergo
957 1119 1085 1201 saepius

78 1203 222 1268 revocati
244 1224 284 1266 ne
307 1204 464 1286 respicere
487 1203 616 1287 quidem
639 1224 713 1267 suos
737 1202 942 1268 sustinebant
964 1206 1087 1272 miseri·

79 1290 188 1355 cordia
210 1290 243 1354 in
265 1290 469 1355 formidinem
492 1313 593 1356 versa
629 1290 683 1354 llli
705 1289 811 1355 relicti
834 1291 911 1357 deos
933 1295 1035 1358 testes
1054 1299 1087 1360 et
1106 1305 1155 1358 16,

78 1401 172 1443 sacra
202 1379 385 1444 communia
411 1379 561 1466 regisque
587 1378 794 1462 inplorabant
817 1401 923 1464 opem:
952 1403 1086 1466 cumque

77 1466 203 1532 frustra
220 1468 333 1532 surdas
352 1489 445 1532 aures
462 1468 648 1552 fatigarent,
666 1469 700 1531 in
721 1467 845 1532 rabiem
863 1469 1086 1552 desperatione

29 1556 1138 1730 restinguaturureuruuutru1,

79 1733 206 1816 anxius,
231 1733 307 1816 quia
325 1754 422 1798 causa
439 1736 550 1797 tantae
569 1732 667 1797 cladis
685 1733 754 1816 ipse
773 1736 871 1816 esset,
894 1735 934 1798 ad
951 1734 1085 1800 Phrata·

77 1821 236 1904 phernen,
263 1819 517 1903 Parthyaeorum
540 1826 704 1904 satrapen,
732 1821 834 1902 misit,
861 1822 917 1905 qui
938 1822 1086 1888 iuberent

78 1909 211 1974 camelis
243 1912 335 1974 cocta
369 1909 491 1974 cibaria
526 1909 658 1988 adferri,
697 1910 840 1992 aliosque
875 1910 1085 1978 finitimarum

77 1997 248 2082 regionum
279 1997 458 2082 praefectos
490 1997 643 2062 certiores
668 1998 871 2062 necessitatis
898 2021 975 2065 suae
1000 2000 1086 2066 fecit.

77 2083 149 2150 Nec
172 2090 332 2150 cessatum
354 2090 406 2150 est
428 2085 468 2150 ab
491 2085 553 2150 his.
589 2084 702 2169 Itaque
720 2091 804 2150 fame
826 2086 995 2153 dumtaxat
1017 2090 1084 2154 vin·
1106 2100 1138 2150 18

79 2174 207 2238 dicatus
226 2175 382 2238 exercitus
404 2173 534 2239 tandem
554 2174 588 2238 in
607 2171 778 2239 Cedrosiae
797 2175 876 2240 fines
894 2177 1087 2260 perducitur.

78 2261 232 2326 Omnium
254 2284 362 2327 rerum
384 2263 477 2345 copia
497 2263 616 2327 fertilis
638 2264 729 2348 regio
751 2266 811 2328 est:
834 2264 869 2329 in
888 2287 950 2348 qua
968 2267 1085 2331 stativa

77 2351 209 2434 habuit,
230 2354 267 2414 ut
288 2356 423 2416 vexatos
446 2351 566 2415 milites
588 2351 695 2434 quiete
716 2352 869 2417 firmaret.
905 2352 968 2418 Hic
985 2353 1085 2419 Leon·
1106 2363 1138 2412 19

76 2439 149 2504 nati
175 2439 230 2502 litt
216 2443 303 2503 teras
326 2439 463 2522 accepit,
490 2439 671 2505 conflixisse
693 2441 799 2522 ipsum
821 2461 894 2504 cum
916 2459 981 2504 vm
1002 2442 1086 2505 mili-

76 2529 139 2592 bus
161 2527 320 2679 tpeditum
352 2532 385 2592 et
416 2543 500 2594 cccc
535 2528 696 2610 equitibus
731 2526 802 2592 Orit
788 2530 894 2592 tarum
929 2549 1085 2612 prospero

79 2619 206 2681 eventu.
250 2612 440 2680 ACratero
468 2637 592 2699 quoque
618 2615 751 2680 nuntius
779 2616 880 2698 venit,
908 2614 1028 2681 Ozinen
1054 2620 1087 2682 et

78 2703 270 2788 Zariaspen,
295 2705 416 2768 nobilis
438 2703 568 2787 Persas,
596 2704 709 2768 defect
686 2708 806 2768 tionem
834 2704 1023 2768 molientes
1014 2728 1085 2790 op·

76 2813 210 2876 pressos
228 2815 248 2856 a
265 2813 300 2856 se
318 2792 353 2856 in
370 2793 508 2857 vinculis
527 2813 605 2856 esse.
636 2791 823 2874 Praeposito
842 2792 943 2876 igitur
960 2793 1084 2880 regioni
1104 2803 1139 2852 ao

79 2879 286 2964 Sibyrtio-
305 2901 442 2964 namque
464 2879 584 2944 Menon
588 2879 798 2963 ,praefectus
817 2879 885 2944 eius
890 2903 1024 2966 ,nuper
1040 2883 1086 2946 in·

77 2969 215 3035 terierat
232 2969 406 3033 morbo-
367 2969 461 3031 -in
479 2966 711 3032 Carmaniam
701 2989 770 3050 ipse
788 2970 954 3051 prooessit.
983 2968 1085 3053 Aspa-
1104 2979 1138 3027 21

79 3062 146 3123 stes
165 3061 235 3124 erat
253 3061 399 3141 satrapes
418 3057 533 3141 gentis,
553 3059 720 3140 suspectus
733 3077 790 3138 res
804 3077 923 3122 novare
937 3058 1086 3140 voluisse,

79 3146 156 3213 dum
179 3147 214 3211 in
235 3145 328 3210 India
350 3167 407 3210 rex
429 3148 486 3209 est.
523 3143 624 3219 Quem
647 3147 865 3210 occurrentem
883 3145 1085 3211 dissimulata
1105 3154 1138 3203 22

78 3235 130 3299 ira
157 3235 292 3300 comiter
323 3233 505 3316 adlocutus,
537 3233 611 3297 dum
644 3233 838 3316 exploraret,
870 3255 951 3317 quae
980 3233 1087 3299 delata

31 3321 186 3408 iderant,
213 3324 248 3388 in
275 3322 387 3388 eodem
409 3321 531 3386 honore
553 3321 675 3387 habuit.
724 3318 805 3386 Cum
827 3321 901 3386 inde
923 3322 1087 3408 praefecti,

79 3413 164 3476 sicut
185 3412 380 3497 imperatum
402 3413 484 3493 erat,
506 3430 674 3493 equorum,
700 3410 974 3491 iumentorumque
998 3411 1087 3496 iuga-

10 3565 11 3568 ,
77 3500 160 3565 lium
186 3500 253 3566 vim
279 3499 445 3584 ingentem
470 3498 633 3582 exomni,
660 3519 741 3583 quae
765 3499 824 3562 sub
848 3497 985 3582 imperio
1009 3502 1088 3581 erat,

10 3629 11 3676 3
75 3588 212 3672 regione
235 3587 413 3671 misissent,
436 3585 550 3670 quibus
574 3586 706 3650 deerant
726 3585 971 3669 impedimenta,
994 3587 1085 3651 resti-
