2552 4108
212 137 256 202 34
582 135 614 200 Q.
634 135 744 190 CURTI
761 135 847 190 RUFI

211 283 333 350 leviora
354 283 439 346 inter
460 281 533 344 illos
555 279 644 344 fuere
667 279 850 346 discrimina
868 302 969 344 unum
986 282 1166 365 certarnen,
1185 301 1216 342 er

213 393 277 457 quo
300 375 406 436 cetera
427 368 624 453 pendebant,
646 369 792 434 intuente
814 368 954 434 fortuna.

642 525 721 594 Car.
743 526 785 594 11

179 655 193 704 1
300 634 372 701 Iam
402 636 472 698 tota
503 631 609 718 Syria,
644 633 709 698 iarn
738 633 899 699 Phoenice
931 655 1056 718 quoque
1089 633 1235 716 exceptat

213 726 300 808 Tyro
322 721 534 788 Macedonum
555 724 633 804 erat,
654 721 858 806 habebatque
878 743 935 787 rex
957 725 1063 786 eastra
1087 722 1129 786 in
1153 743 1216 787 eou-

178 811 339 895 etinenti,
362 833 381 874 a
403 832 467 894 qua
484 811 597 875 urbem
619 814 793 894 angustum
810 811 929 875 fretum
947 811 1078 875 dirimit
1110 809 1218 894 Tyros,

214 903 247 964 et
272 898 493 984 magnitudine
521 901 554 963 et
580 899 725 964 claritate
755 902 829 963 ante
853 920 963 963 omnes
986 899 1084 963 urbes
1111 896 1216 981 Syriae

213 986 453 1070 Phoenicesque
476 986 702 1072 memorabilis,
722 987 848 1051 facilius
871 987 1058 1052 societatem
1079 986 1217 1050 Alexan·

215 1075 264 1140 dri
294 1079 463 1160 acceptura
491 1075 672 1159 videbatur,
705 1096 801 1158 quam
829 1075 1006 1158 imperium.
1058 1072 1217 1140 Ooronan

213 1163 314 1248 igitur
341 1185 470 1228 auream
492 1164 612 1228 donum
633 1164 734 1247 legati
754 1162 942 1228 adferebant
959 1167 1218 1245 commeatusque

213 1252 303 1336 large
326 1254 358 1316 et
379 1252 584 1335 hospitaliter
606 1272 644 1314 ex
667 1251 785 1335 oppido
809 1251 1011 1316 advexerant.
1051 1249 1117 1316 Ille
1142 1251 1216 1314 dona

213 1343 251 1404 ut
274 1340 313 1405 ab
333 1341 442 1404 amicis
461 1341 564 1424 accipi
579 1339 674 1403 iussit
690 1339 891 1424 benigneque
908 1341 1032 1424 legatos
1051 1339 1217 1404 adlocutus

214 1427 359 1512 Herculi,
396 1450 491 1512 quem
525 1429 695 1510 praecipue
726 1426 817 1512 Tyrii
852 1429 1005 1511 colerent,
1041 1428 1216 1492 sacrificare

179 1533 195 1580 3
214 1518 295 1581 velle
319 1538 352 1581 se
376 1516 469 1580 dixit:
496 1513 709 1579 Macedonum
730 1537 823 1600 reges
847 1516 987 1600 credere,
1015 1515 1056 1580 ab
1080 1516 1143 1580 illo
1167 1514 1216 1578 deo

214 1605 302 1689 ipsos
326 1625 428 1689 genus
451 1603 574 1684 ducere,
596 1624 631 1667 se
652 1608 797 1687 ve10,ut
822 1604 855 1668 id
877 1566 1006 1687 faeerdt,
1029 1603 1133 1668 etiam
1158 1623 1217 1666 ora·

179 1707 197 1757 4
215 1695 286 1759 culo
310 1692 398 1757 moni
399 1696 477 1756 t.um
512 1690 627 1776 Legati
649 1691 854 1776 respondent,
877 1713 946 1756 esse
967 1690 1132 1774 templum
1146 1689 1216 1754 Her-

214 1782 293 1846 culis
322 1785 417 1845 extra
437 1779 586 1844 urbem
577 1801 611 1843 ιιι
638 1800 676 1842 ea
699 1779 786 1863 aede,
818 1801 913 1864 quam
935 1778 994 1843 Pal
995 1779 1175 1864 aetyron'
1164 1775 1216 1860 ipsi

179 1873 341 1934 evocent:
377 1869 424 1932 ibi
453 1889 562 1970 regem
594 1868 654 1932 deo
681 1890 806 1932 sacrum
837 1869 897 1931 rite
928 1868 1100 1932 facturum
1151 1864 1215 1930 Nou

214 1956 360 2020 tenuit
350 1978 445 2040 1ram,
478 1957 567 2020 ouius
595 1956 715 2038 alioqui
741 1959 856 2039 potens
882 1976 950 2020 non
976 1958 1054 2020 erat.
1099 1955 1216 2056 Itaque,

216 2042 295 2106 Vos
319 2007 468 2127 quideni',
488 2043 603 2127 inquit,
625 2043 752 2108 fiducia
773 2043 845 2129 loci,
867 2043 952 2128 quod
974 2044 1148 2108 insulam
1139 2061 1214 2106 inco·

214 2131 295 2213 litis,
327 2130 506 2213 pedestrem
534 2129 621 2194 hune
648 2132 820 2195 exereitum
847 2131 1012 2214 spernitis:
1049 2131 1107 2196 sed
1137 2126 1216 2194 brevi

216 2180 414 2283 osteirdam
405 2239 440 2281 ιιι
463 2218 641 2282 continenti
662 2240 720 2283 vos
743 2240 821 2284 esse.
853 2218 991 2284 Proinde
1010 2220 1121 2284 sciatis
1141 2217 1214 2294 lieet

179 2307 272 2372 aaut
299 2307 493 2370 intratumm
520 2327 571 2369 me
598 2306 709 2372 urbem
736 2311 792 2372 aut
814 2305 1095 2392 oppugnaturum?
1143 2305 1214 2371 cun

221 2394 284 2458 hoe
309 2415 463 2477 responso
491 2393 614 2459 dimissi
640 2417 714 2460 suos
741 2417 870 2460 monere
898 2399 1084 2497 coeperunt,
1114 2399 1155 2461 ut
1173 2412 1212 2455 re·

216 2504 298 2568 gem,
321 2504 416 2568 quem
438 2479 540 2567 Syria,
563 2504 657 2567 quem
674 2482 832 2549 Phoenice
854 2484 1066 2569 recepissets
1056 2484 1122 2567 rpsi
1146 2501 1213 2576 quo·

181 2588 196 2636 ι
216 2593 278 2656 que
303 2573 415 2636 urbem
442 2572 561 2636 intrare
587 2575 781 2655 paterentur.
826 2570 872 2638 ιιι
897 2572 946 2636 illi
972 2574 1043 2637 loco
1067 2573 1148 2636 satis
1171 2564 1213 2631 fisi

216 2660 416 2726 obsidionem
437 2661 520 2724 ferre
544 2660 756 2726 decreverant
787 2659 933 2743 Namque
951 2661 1064 2725 urbem
1082 2681 1102 2723 a
1120 2653 1212 2724 conti·
1222 2648 1232 2712 ι

214 2749 305 2812 nenti
335 2751 486 2832 quattuor
513 2748 690 2813 stadiorum
716 2748 834 2813 fretum
857 2748 984 2812 dividit:
1019 2747 1133 2812 Africo
1155 2764 1212 2810 ma·

215 2836 299 2900 xime
322 2836 482 2901 obiectum
505 2836 633 2902 crebros
656 2858 694 2901 ex
717 2839 782 2903 alto
805 2836 978 2900 fluctuem
997 2836 1074 2900 litus
1094 2832 1212 2901 evolvit

180 2922 284 2992 8Nec
312 2924 495 3025 accipiendo
524 2925 626 3008 operi,
659 2947 721 3009 quo
748 2924 938 2990 Macedones
965 2923 1145 2988 continenti
1173 2921 1213 2982 in·

216 3013 356 3078 sulam
346 3032 478 3096 1ungere
505 3013 677 3097 parabant,
713 3013 882 3114 quiequam
909 3012 1013 3096 magis
1041 3035 1138 3097 quam
1166 3006 1212 3071 ille

214 3104 329 3166 ventus
357 3100 516 3166 obstabat.
493 3101 686 3184 tQuippe
713 3102 767 3166 ιιι
792 3101 858 3165 leni
886 3104 918 3164 et
940 3101 1117 3186 tranquillo
1140 3095 1212 3162 mari

215 3190 317 3253 moles
339 3188 393 3273 agi
414 3192 563 3273 possunt,
594 3189 722 3254 Africus
749 3211 824 3254 vero
851 3188 956 3273 prima
979 3210 1124 3274 quaeque
1147 3204 1211 3250 oon·

216 3281 308 3361 gesta
334 3278 430 3361 pulsu
455 3277 553 3341 inlisa
574 3277 672 3340 maris
696 3279 837 3342 subruit:
868 3299 927 3342 nee
949 3278 1017 3342 ulla
1037 3279 1106 3340 tam
1128 3276 1212 3339 firma

215 3367 317 3430 moles
349 3368 411 3449 est,
448 3387 543 3449 quam
574 3387 641 3428 non
672 3366 809 3431 exedant
838 3366 942 3430 undae
974 3368 1007 3430 et
1037 3386 1095 3449 per
1120 3375 1210 3455 ιιιιιιιει

217 3474 349 3555 operum
371 3458 503 3518 manant
504 3475 537 3517 es
489 3456 605 3537 t,et
634 3455 691 3518 ubi
713 3455 816 3520 acrior
837 3454 932 3518 flatus
955 3453 1077 3537 existit
1105 3443 1211 3517 summi

180 3563 197 3610 a
216 3563 322 3628 opens
346 3542 478 3626 fastigio
501 3504 695 3626 superiusae.
739 3543 871 3608 Praeter
892 3543 976 3607 hanc
999 3541 1167 3606 difficultat
1168 3554 1208 3600 em
