2600 4096
203 216 266 276 144
570 209 601 274 Q.
621 207 730 263 OURTI
747 205 835 262 RUFI

627 412 705 479 Car.
727 410 782 477 XI.

166 553 182 602 1
288 532 371 598 Erat
398 531 482 595 inter
509 529 603 594 duces
631 550 729 592 mauu
756 531 904 591 strenuus
931 525 1036 591 Bolon
1064 525 1198 609 quidam,
1208 530 1245 593 41

201 621 290 706 pacis
319 619 436 685 artium
464 621 496 682 et
517 617 622 682 civilis
644 616 774 681 habitus
796 616 898 698 rudis,
920 619 1011 679 vetus
1034 614 1138 697 miles,
1160 613 1198 678 ab

202 710 316 775 humili
337 707 447 773 ordine
471 705 601 770 adeum
620 704 767 788 gradum,
790 703 825 767 in
848 724 911 787 quo
933 707 1011 767 tunc
1030 705 1113 785 erat,
1132 723 1200 785 pro

167 817 184 866 2
203 803 323 864 motus:
347 796 401 879 qui
418 793 598 858 tacentibus
618 792 733 856 ceteris
752 791 871 856 stolida
890 791 1024 855 audacia
1041 789 1131 862 ferox
1149 790 1201 853 ad-

203 906 332 952 monere
355 904 410 947 eos
434 882 552 965 coepit,
581 881 729 966 quotiens
756 880 823 944 suis
846 880 982 963 quisque
1005 878 1204 960 deversoriis,

202 994 284 1058 quae
311 975 533 1054 occupassent,
563 969 773 1054 proturbatus
801 972 899 1051 esset,
932 971 968 1032 ut
993 970 1205 1051 purgamenta

204 1082 366 1126 servorum
384 1058 533 1124 Philotae
555 1058 773 1141 reciperentur
791 1077 843 1138 eo,
864 1056 947 1120 unde
970 1055 1205 1120 commilitones

169 1149 407 1233 serpulisseut
458 1147 548 1211 Auro
580 1149 777 1229 argentoque
808 1144 958 1209 vehicula
988 1145 1057 1208 eius
1090 1137 1207 1208 obusta

203 1239 282 1302 totis
299 1236 379 1302 vicis
402 1238 530 1301 stetisse
549 1256 586 1300 ac
605 1256 646 1301 ne
665 1235 699 1297 in
716 1233 868 1296 viciniam
886 1232 1014 1316 quidem
1033 1231 1208 1296 deversorii

205 1347 396 1410 quemquam
410 1323 669 1389 commilitonum
685 1324 850 1404 receptum
866 1341 945 1404 esse,
959 1320 1015 1384 sed
1028 1341 1087 1404 per
1100 1320 1207 1403 dispo·

205 1416 294 1498 sitos,
317 1434 396 1496 quos
415 1433 512 1494 supra
531 1432 678 1475 somnum
695 1409 846 1492 habebat,
866 1429 978 1473 omnes
996 1408 1109 1492 procul
1128 1409 1207 1472 rele
1289 1473 1290 1480 ἶ

205 1507 311 1588 gatos,
335 1522 375 1565 ne
397 1500 518 1564 femina
540 1499 598 1562 illa
620 1498 888 1562 murmurantium
910 1498 996 1560 inter
1019 1518 1052 1561 se
1076 1497 1207 1561 silentio

169 1591 310 1658 everius
348 1610 444 1673 quam
481 1608 560 1652 sono
595 1587 793 1650 excitaretur.
851 1583 1006 1649 Ludibrio
1043 1585 1073 1649 ei
1108 1585 1208 1650 fuisse
1289 1557 1290 1612 l

205 1679 343 1743 rusticos
375 1676 521 1741 homines
548 1674 759 1758 Phrygasque
786 1676 819 1737 et
844 1671 1071 1757 Paphlagonas
1098 1675 1209 1757 appel-

205 1769 304 1850 latos,
338 1765 391 1849 qui
418 1785 483 1828 non
513 1763 725 1846 erubesceret,
756 1761 889 1826 Macedo
920 1764 1030 1840 natus,
1061 1761 1208 1826 homines

172 1875 187 1923 5
206 1855 337 1938 linguae
358 1874 434 1918 suae
456 1874 514 1935 per
535 1852 744 1934 interpretem
767 1850 885 1914 audire.
920 1848 1015 1914 Nunc
1037 1870 1093 1914 cur
1112 1849 1208 1914 Ham-

206 1964 333 2007 monem
357 1941 480 2006 consuli
501 1938 620 2005 vellet?
644 1937 778 2003 eundem
800 1937 887 2002 Iovis
912 1937 1055 2021 arguisse
1081 1938 1208 2002 menda·

207 2031 290 2094 cium
304 2029 524 2093 Alexandrum
542 2029 644 2092 filium
663 2026 903 2111 adgnoscentis,
921 2026 1045 2090 scilicet
1061 2027 1208 2110 veritum,

171 2137 247 2186 one
270 2116 464 2181 invidiosum
488 2119 585 2199 esset,
609 2115 691 2198 quod
715 2114 759 2178 dii
780 2113 940 2179 offerrent.
975 2111 1056 2179 (lum
1079 2115 1208 2180 insidia·

206 2207 294 2268 retur
312 2203 412 2286 capiti
430 2204 516 2287 regis
536 2207 568 2267 et
585 2204 689 2286 amici,
706 2223 772 2266 non
786 2202 982 2268 consuluisse
1001 2223 1073 2266 eum
1086 2200 1207 2268 Iovem:

207 2314 289 2357 nunc
310 2291 350 2356 ad
369 2293 532 2356 oraculum
549 2291 688 2374 mittere,
710 2291 786 2354 dum
803 2293 898 2375 pater
918 2289 986 2355 eius
1008 2290 1207 2374 sollicitetur,

208 2383 262 2466 qui
294 2381 416 2464 praesit
443 2379 478 2444 in
505 2377 624 2461 Media,
656 2383 689 2443 et
714 2379 862 2462 pecunia,
894 2378 983 2443 cuius
1010 2379 1158 2443 custodia
1183 2380 1208 2444 ei

208 2470 380 2536 commissa
402 2469 459 2553 sit,
480 2467 623 2551 perditos
645 2466 791 2531 homines
816 2467 857 2531 ad
876 2467 1063 2531 societatem
1081 2467 1207 2531 sceleris

173 2581 187 2628 r
207 2559 350 2643 inpellat.
390 2556 483 2640 Ipsos
501 2556 656 2620 missuros
676 2555 715 2619 ad
739 2555 917 2638 oraculum,
938 2575 1004 2619 non
1026 2555 1082 2639 qui
1100 2553 1207 2620 Iovem

206 2650 419 2732 interrogent,
440 2645 524 2729 quod
543 2665 581 2708 er
599 2663 676 2726 rege
695 2643 917 2726 cognoverint,
940 2643 996 2707 sed
1014 2643 1069 2726 qui
1088 2644 1207 2727 gratias

208 2737 320 2818 agant,
353 2734 407 2818 qui
434 2739 511 2798 vota
538 2753 596 2816 pro
625 2731 845 2797 incolumitate
874 2731 960 2814 regis
993 2731 1109 2813 optimi
1141 2753 1208 2817 per·
1288 2723 1289 2732 ’

173 2841 189 2890 8
210 2823 346 2886 solvant.
389 2822 471 2886 Tum
498 2843 574 2887 vero
597 2821 746 2885 universa
774 2819 879 2883 contio
904 2839 1037 2883 accensa
1060 2823 1167 2885 estet
1192 2841 1209 2882 a

209 2909 351 2992 corporis
370 2909 702 2975 custodibusinitium
720 2907 842 2972 factum
857 2907 1080 2991 clamantibus,
1098 2907 1209 2972 discer-

208 2996 347 3080 pendum
371 3017 440 3060 esse
462 2997 654 3081 parricidam
677 2997 826 3060 manibus
844 3016 956 3060 corum
970 2995 1061 3059 —id
1084 2996 1210 3080 quidem
1288 2985 1289 3028 l

208 3085 366 3167 Philotas,
396 3085 450 3168 qui
473 3087 623 3169 graviora
648 3084 807 3169 supplicia
828 3087 1000 3167 metueret,
1026 3082 1113 3148 haud
1138 3105 1210 3148 sane

174 3193 190 3241 a
209 3174 319 3256 iniquo
340 3172 449 3236 animo
465 3173 625 3256 audiebat,
641 3209 678 3220 -
695 3177 731 3238 at
743 3194 800 3236 rex
813 3173 848 3236 in
862 3173 1043 3237 contionem
1057 3193 1211 3255 reversus,
1220 3170 1254 3234 42

210 3262 275 3326 sive
298 3261 391 3325 utin
414 3262 559 3324 custodia
582 3282 709 3345 quoque
731 3264 910 3343 torqueret,
934 3261 1002 3325 sive
1020 3263 1057 3324 ut
1079 3259 1211 3344 diligen·

207 3350 273 3413 tius
301 3352 414 3414 cuncta
442 3353 662 3433 cognosceret,
689 3349 859 3414 concilium
886 3349 920 3412 in
943 3351 1107 3431 posterum
1130 3349 1212 3414 diem

209 3437 337 3504 distulit
370 3439 415 3520 et,
447 3458 641 3520 quamquam
669 3437 703 3502 in
735 3458 902 3521 vesperam
929 3437 1109 3502 inclinabat
1140 3438 1212 3520 dies,

209 3531 317 3590 tamen
349 3525 471 3591 amicos
504 3525 674 3589 convocari
705 3525 805 3592 iubet.
858 3524 903 3589 Et
937 3525 1052 3590 ceteris
1089 3526 1214 3609 quidem

159 3633 190 3680 ιο
210 3615 372 3698 placebat,
402 3612 615 3678 Macedonum
643 3635 730 3677 more
766 3613 859 3678 obrui
889 3613 988 3697 saxis,
1018 3612 1212 3698 Hephaestio
