2552 4108
241 225 493 281 1111011111
510 225 723 280 1111111111
740 224 792 294 11,
811 233 835 282 a.
854 232 880 281 r.
1023 229 1065 288 41

53 369 184 434 moveri
214 371 303 435 iubet
333 371 534 454 delectosque
565 370 703 435 militum
733 371 855 454 inponi.
908 370 953 436 Et
983 371 1102 440 fortes

54 459 157 523 belua
197 459 379 524 invisitatae
417 459 648 544 magnitudinis
688 481 782 542 super
821 459 909 542 ipsos
951 460 1067 524 fluctus

55 547 157 611 dorso
185 547 328 612 eminens
357 545 397 610 ad
423 549 554 631 molem,
586 569 683 632 quam
704 547 895 612 Macedones
917 547 1067 632 ieeerant,

52 635 178 719 ingens
203 657 319 720 eorpus
342 636 496 719 adplicuit
518 636 786 719 diverberatisque
808 635 957 700 fluctibus
981 637 1066 700 adle-

53 745 143 787 vans
171 727 272 788 semet
297 725 456 808 utrimque
484 728 654 807 conspecta
683 728 746 788 est:
776 724 889 788 deinde
917 746 936 789 a
963 725 1101 807 eapitet

54 812 156 876 molis
187 833 298 876 rursus
328 813 394 877 1111
421 835 455 876 11
482 813 628 876 inmersit
654 834 691 876 ac
719 812 813 876 modo
842 835 937 896 super
963 813 1066 876 undas

55 901 206 964 eminens
237 921 356 986 magna
387 901 438 964 sui
463 905 569 984 parte,
600 901 695 965 modo
719 900 895 983 superfusis
917 901 1066 965 fluctibus

55 989 191 1052 condita
229 988 317 1053 haud
356 988 470 1072 procul
509 989 715 1052 munimentis
751 989 839 1053 urbis
877 1011 911 1054 se
947 991 1067 1054 mersit.

54 1073 215 1161 Utrisque
242 1078 345 1141 laetus
372 1077 435 1142 fuit
458 1077 571 1141 beluae
594 1080 755 1159 aspectus:
791 1076 983 1142 Macedones
1005 1078 1102 1146 itere

59 1165 210 1228 iaciendo
241 1165 330 1248 operi
361 1169 555 1230 monstrasse
587 1187 657 1230 eam
689 1166 945 1250 augurabantur,
979 1165 1068 1249 Tyrii

54 1249 248 1335 Neptunum
272 1254 419 1337 occupati
441 1254 538 1318 maris
560 1253 718 1318 vindicem
741 1254 917 1336 abripuisse
940 1255 1068 1318 beluam

58 1362 96 1404 11
120 1342 239 1406 molem
261 1342 352 1406 brevi
373 1341 516 1426 profecto
534 1343 699 1406 ruituram.
732 1341 885 1425 Laetique
904 1343 1009 1406 omine
1029 1365 1068 1407 eo

57 1429 100 1492 ad
130 1431 242 1513 epulas
265 1430 379 1514 dilapsi
403 1452 574 1495 oneravere
597 1430 742 1508 sevino,
772 1452 835 1514 quo
859 1449 971 1514 graves
996 1435 1068 1494 orto

58 1518 127 1580 sole
150 1519 281 1602 navigia
304 1519 522 1583 conscendunt
543 1519 691 1583 redimita
713 1519 844 1583 floribus
863 1519 1067 1602 coronisque:

58 1605 141 1670 adeo
165 1607 316 1670 victoriae
338 1629 405 1672 non
428 1629 522 1671 omen
544 1608 653 1691 modo,
681 1607 737 1671 sed
760 1607 856 1671 etiam
879 1606 1067 1691 gratulatio·

9 1696 47 1759 18
58 1714 134 1756 nem
166 1699 405 1778 praeceperant
456 1694 552 1760 Forte
583 1717 639 1760 rex
671 1697 804 1759 classem
840 1695 876 1758 in
909 1694 1103 1762 diversamo

58 1785 187 1863 partem
209 1783 262 1868 agi
283 1784 421 1848 iusserat
442 1801 513 1846 xxx
535 1782 713 1847 minoribus
735 1783 874 1867 navigiis
896 1783 1015 1846 relictis
1033 1783 1068 1845 in

58 1869 173 1934 litore:
210 1892 227 1934 e
259 1871 374 1955 quibus
402 1871 491 1955 Tyrii
523 1870 647 1935 duobus
681 1872 783 1953 captis
811 1873 916 1934 cetera
943 1870 1069 1954 ingenti

59 1959 245 2022 terruerunt
271 1963 371 2042 metu,
403 1959 504 2023 donee
527 1981 657 2023 suorum
680 1960 817 2024 clamore
840 1958 951 2023 audito
974 1958 1068 2022 Alex-

62 2046 161 2110 ander
187 2047 321 2112 classem
347 2048 448 2128 litori,
478 2069 497 2110 a
524 2069 586 2131 quo
615 2047 761 2111 fremitus
789 2048 982 2130 acciderant,
1015 2048 1068 2111 ad-

61 2137 172 2198 movit.
219 2136 327 2201 Prima
362 2158 380 2200 e
411 2135 623 2200 Macedonum
659 2135 795 2200 navibus
832 2135 1103 2219 quinqueremisv

61 2223 230 2288 velocitate
263 2224 350 2288 inter
384 2228 505 2288 ceteras
541 2225 685 2288 eminens
716 2225 866 2308 occurrit,
905 2246 1002 2308 quam
1032 2227 1070 2287 ut

64 2330 253 2396 conspexere
275 2313 406 2396 Tyriae,
432 2313 513 2376 duae
541 2334 578 2376 ex
601 2312 726 2377 diverso
749 2313 784 2376 in
806 2314 908 2376 latera
930 2313 997 2376 eius
1020 2312 1068 2374 in·

63 2403 172 2464 vectae
191 2403 276 2484 sunt,
296 2400 331 2464 11
350 2422 484 2485 quarum
507 2401 640 2464 alteram
659 2401 894 2485 quinqueremis
909 2401 1069 2464 concitata

65 2487 174 2553 eadem
201 2491 234 2552 et
255 2489 325 2572 ipsa
347 2491 451 2553 rostro
474 2489 538 2552 icta
561 2493 609 2552 est
631 2493 663 2553 11
684 2490 774 2552 illam
795 2489 932 2552 invicem
955 2488 1068 2552 tenuit.

63 2572 195 2661 Iamque
218 2598 264 2660 ea,
287 2598 366 2660 quae
388 2599 455 2642 non
478 2576 678 2660 cohaerebat,
699 2578 800 2640 libero
818 2577 941 2658 impetu
959 2578 1104 2642 1111111

20 2733 24 2742 ,
63 2661 97 2726 in
124 2665 212 2728 aliud
235 2665 470 2749 quinqueremis
492 2666 577 2728 latus
600 2665 824 2729 invehebatur:
857 2684 931 2727 cum
954 2684 1069 2746 oppor-

63 2750 202 2816 tunitate
225 2753 307 2817 mira
327 2753 467 2817 triremis
486 2775 502 2817 e
521 2754 621 2817 111111
635 2752 809 2816 Alexandri
822 2751 857 2815 in
872 2773 942 2815 eam
955 2750 1070 2834 ipsam,

66 2859 144 2920 quae
173 2841 392 2924 quinqueremi
413 2842 605 2924 inminebat,
631 2843 723 2904 tanta
744 2841 777 2904 vi
798 2839 924 2922 inpulso
946 2844 1001 2917 111,
1033 2841 1070 2903 ut

65 2923 181 3008 Tyrius
200 2929 395 3013 gubernator
412 2930 447 2993 in
465 2951 553 2993 mare
571 2931 771 2992 excuteretur
788 2928 928 3012 epuppi.
956 2926 1069 2991 Plures
1087 2945 1104 2994 e

67 3013 178 3080 deinde
204 3017 417 3083 Macedonum
446 3039 545 3082 naves
576 3017 817 3101 superveniunt,
848 3020 881 3080 et
909 3037 966 3081 rex
993 3036 1070 3098 quo-

67 3121 124 3183 que
147 3106 271 3170 aderat:
296 3127 367 3170 eum
381 3106 470 3188 Tyrii
492 3105 675 3169 inhibentes
697 3105 793 3168 remis
817 3125 912 3189 aegre
935 3105 1070 3168 evellere

66 3206 189 3277 navem,
212 3215 292 3278 quae
309 3194 472 3278 haerebat,
490 3196 682 3278 portumque
702 3194 809 3258 011111
827 3191 922 3257 simul
940 3193 1071 3275 navigia

67 3285 220 3363 repetunt.
257 3281 436 3347 Confestim
458 3304 514 3346 rex
536 3281 699 3346 insecutus
722 3285 851 3364 portum
875 3280 1003 3364 quidem
1021 3281 1069 3343 in-

68 3365 148 3432 trare
171 3392 238 3435 non
260 3371 376 3455 potuit,
399 3393 471 3435 cum
494 3371 605 3454 procul
628 3371 763 3434 1111111
786 3369 961 3433 missilibus
985 3390 1070 3432 sum·

68 3462 257 3544 moveretur,
285 3481 384 3524 naves
406 3461 515 3522 autem
538 3479 648 3522 omnes
671 3459 737 3522 fere
761 3460 817 3522 aut
840 3457 992 3521 demersit
1014 3458 1071 3519 aut

25 3619 60 3685 19
70 3549 254 3700 ΕΘΡΙῒ1111110
277 3634 392 3700 deinde
414 3635 455 3699 ad
478 3635 618 3719 quietem
640 3635 716 3699 dato
739 3633 894 3697 militibus
910 3632 1070 3714 iussisque
1090 3649 1124 3699 10
